2482 3068
586 286 652 321 Ill.

535 343 591 375 [si.
612 345 637 370 s.
657 343 702 376 9.]

184 386 257 417 cod.
281 387 311 415 in
336 385 437 414 charta
461 387 634 424 politissima
656 389 783 425 scriptus
806 393 835 415 et
864 388 1007 416 caeruleis
1030 388 1141 416 rubris-

101 442 159 472 que
176 430 338 458 initialibus
354 427 518 463 decoratus,
542 440 558 457 e
581 430 654 458 bibl.
670 428 769 457 Andr.
784 427 938 466 Acoluthi,
959 430 992 458 in
1013 432 1042 459 8.
1057 431 1142 464 min„

1117 175 1209 210 313

1182 289 1246 318 soll.
1278 291 1369 323 236„
1407 300 1467 329 quo
1510 288 1673 319 Proverbia
1705 289 1872 320 Salomonis
1909 291 1944 330 (f.
1980 296 2131 329 ΙὴῙΟϋ,
2169 298 2219 327 (μ),

1183 330 1302 366 adjectis
1329 332 1493 361 minoribus
1523 334 1638 372 aliquot
1668 330 1787 361 Veteris
1811 332 1993 362 Testamenti
2017 335 2117 369 libris,
2149 348 2220 365 cou-

1182 373 1324 400 tinentur.

100 559 547 616 voluclis
595 559 1255 630 SLAvoNlclssss)
1311 562 1538 619 CUM
1583 564 2223 626 HUNGARIGG

786 646 918 698 ΕΤ
971 646 1535 704 ILLYRIGO.
1768 674 1778 679 -

604 747 632 782 Ι.
695 787 697 790 Α

525 804 583 837 [si.
608 805 651 830 roi.
670 803 716 837 4.]

183 847 255 878 cod.
279 850 539 883 membranaceus,
569 853 722 882 vetustus,
754 847 877 876 mutilus
910 854 939 876 et
969 859 1024 877 usu
1053 849 1142 887 plane

99 890 236 925 detritus,
255 892 428 919 obliteratus
443 896 472 919 et
489 892 666 923 obfuscatus,
680 890 742 918 soll.
760 892 830 924 163,
850 888 1022 918 charactere
1038 892 1143 927 majori

96 933 247 961 slavonico
277 934 481 971 pereleganter
509 934 652 970 scriptus,
675 932 833 960 continens
855 929 1080 961 Lectionarium
1104 944 1143 961 ex

98 976 169 1003 actis
193 976 396 1013 apostolorum
425 981 453 1002 et
476 975 604 1012 epistolis
627 974 794 1011 apostolicis
826 979 1002 1012 excerptum
1024 976 1056 1003 in
1078 977 1141 1003 sin-

97 1017 182 1054 gulos
211 1018 284 1045 anui
314 1016 393 1051 dies,
429 1017 518 1056 quale
548 1026 565 1044 a
602 1014 722 1044 Graecis
750 1013 952 1050 Ἀπόστολος,
992 1027 1009 1045 a
1039 1015 1142 1046 Russis

100 1056 294 1088 Anocmoyffi
319 1064 454 1088 vocatur.
596 1098 632 1133 Π

636 1125 644 1135 0

523 1156 579 1188 [st.
602 1157 644 1181 foi.
665 1156 711 1187 5.]

182 1199 257 1230 Cod.
273 1200 468 1236 chartaceus,
489 1199 605 1237 integer
627 1205 716 1238 atque
739 1200 916 1233 incolumis,
941 1210 956 1227 e
977 1200 1048 1228 bibl.
1066 1198 1142 1228 JV«—

95 1241 248 1277 genseilii,
269 1243 334 1271 foll.
360 1245 432 1273 298.
456 1243 486 1269 in
510 1242 562 1269 fot.
587 1241 705 1274 minori,
731 1242 906 1274 continens,
930 1242 972 1269 uti
995 1242 1140 1279 superior,

95 1282 288 1322 Ἐκλογάόιον
326 1284 522 1323 apostolicum
561 1281 822 1321 (Aprakoss)‚
859 1282 980 1318 adjectis
1019 1284 1142 1322 insuper

98 1324 284 1365 Menologio‚
310 1324 497 1355 Nlacarismis
520 1329 550 1352 et
573 1323 752 1353 calendario
775 1325 982 1353 ecclesiastico.

576 1382 641 1415 III.

530 1439 586 1470 [st.
606 1440 631 1465 8.
651 1438 697 1470 8.]

181 1482 255 1513 (jod.
275 1483 457 1517 chartaceus,
475 1492 492 1510 e
507 1482 581 1510 bibl.
598 1480 754 1518 Aeolutlzi,
777 1483 842 1512 foll.
860 1485 932 1521 173,
952 1482 1139 1513 Breviarium

96 1527 164 1561 tale,
186 1526 274 1566 quale
295 1523 433 1562 Σύνοψις
455 1525 629 1553 nominatur
652 1524 865 1565 (36opnux7b).

582 1573 644 1607 IV.
800 1576 803 1578 ’

530 1631 585 1662 [st.
605 1632 629 1655 s.
653 1630 699 1662 7.]

181 1672 254 1704 Cod.
270 1673 454 1709 chartaceus,
476 1674 509 1701 in
532 1672 633 1701 charta
653 1674 756 1712 polita,
786 1680 861 1702 tersa
878 1684 911 1703 ac
935 1684 1029 1703 crassa
1044 1674 1140 1703 nitide

96 1716 222 1755 scriptus
254 1721 284 1744 et
314 1716 399 1753 plane
433 1716 612 1749 inviolatus,
645 1726 660 1743 e
685 1717 756 1744 bibl.
783 1715 944 1753 Acolntlzi‚
973 1718 1037 1744 foll.
1068 1719 1140 1752 436,

98 1758 254 1788 continens
280 1755 456 1794 Ψαλτῆριον
477 1763 506 1786 et
529 1754 714 1796 Εὖχολόγιον
733 1758 930 1798 (Hcamnnpfi
949 1769 971 1788 11
986 1759 1140 1788 Mommt-

97 1801 271 1836 ΒοολοΒἙ),
294 1799 402 1828 additis
420 1797 667 1833 Selenodromio,
693 1798 850 1829 Paschalio
874 1807 903 1829 et
925 1811 1002 1839 pone
1027 1800 1141 1830 l‘salte-

97 1843 176 1871 rium
199 1842 304 1871 decem
321 1839 397 1871 Odis
422 1840 506 1880 (quas
528 1841 681 1870 concludit
704 1841 836 1881 hymnus
855 1841 1022 1871 Zachariae
1043 1854 1140 1872 sacer-

98 1883 198 1916 dotis).

534 1982 590 2014 [si.
612 1984 638 2007 s.
659 1982 703 2013 6.]

180 2023 256 2054 Cod.
279 2023 470 2059 chartaceus,
493 2036 509 2053 e
532 2026 603 2055 bibl.
630 2024 836 2063 Wagenseilii,
859 2025 925 2055 foll.
948 2029 1034 2061 261„
1059 2037 1138 2056 cou-

96 2068 191 2096 tinens
214 2065 438 2105 Euchologium
461 2068 491 2096 in
514 2077 601 2096 usum
623 2069 776 2106 privatum
800 2067 994 2097 destinatum.

582 2117 644 2152 VI.

522 2174 579 2208 [st.
600 2176 626 2201 8.
649 2174 708 2206 13.]

180 2216 254 2247 cod.
278 2218 465 2255 chartaceus,
495 2229 511 2247 e
533 2219 606 2247 bibl.
629 2216 731 2247 Andr.
754 2215 918 2254 Λεοῖιιιῇἱ,
942 2219 974 2246 in
996 2221 1025 2248 8.
1049 2219 1136 2257 min„

97 2260 162 2289 foll.
180 2262 259 2295 172„
283 2258 489 2300 Compendium
499 2259 668 2299 menologii,
684 2260 786 2298 lingua
799 2261 953 2289 slavonica
969 2271 993 2289 s.
1011 2262 1137 2290 russico-

98 2301 292 2331 ecclesiastica
315 2304 528 2342 conscriptum,
551 2303 640 2331 fastos
661 2307 836 2331 sanctorum
860 2303 1016 2331 continens
1038 2309 1067 2332 et
1089 2305 1138 2332 in-

99 2344 264 2373 vocationes
279 2355 394 2380 eorum,
417 2346 526 2385 quibus
541 2345 653 2383 singuli
667 2345 819 2373 mensium
836 2343 897 2373 dies
914 2344 1042 2374 dedicati
1055 2350 1135 2375 sunt.

583 2403 664 2438 vll.

525 2460 581 2494 [st.
599 2461 625 2486 s.
649 2459 708 2492 ω]

182 2499 257 2530 cod.
280 2501 462 2539 chartaceus,
486 2506 518 2532 in
535 2506 581 2538 8.,
604 2504 670 2533 soll.
690 2504 759 2540 134,
782 2502 980 2543 Hymnarium
995 2506 1135 2533 musicum

99 2544 275 2580 romaicum,
298 2543 379 2583 quod
411 2546 534 2574 inchoat
556 2551 696 2575 notarum
727 2546 906 2574 musicarum
931 2547 1134 2585 liturgicarum

1163 748 1166 779 l
1185 751 1304 789 plorum
1329 761 1367 778 ex
1388 751 1509 787 liturgia
1528 759 1635 788 graeca
1651 757 1871 789 excerptorum,
1888 755 1970 783 velut
1987 753 2015 783 oi
2030 754 2068 784 τὰ
2080 756 2228 795 χερουβὶμ

1184 794 1338 830 μνστικῶς
1366 791 1582 828 εἰκονίζοντες).
1633 790 1694 821 Nos
1726 792 1808 821 hunc
1841 794 1973 824 codicem
2006 797 2042 825 ad
2072 797 2226 828 historiam

1187 836 1255 862 artis
1284 835 1415 862 musicae
1442 835 1643 872 pertinentem
1674 834 1733 863 huc
1763 838 1918 866 retulimus
1956 845 2129 877 propterea,
2161 842 2228 880 quia

1186 877 1306 915 scriptio
1321 885 1484 914 neograeca
1500 876 1536 904 ad
1554 877 1725 905 slavonicae
1741 878 1969 907 similitudinem
1984 882 2101 911 inscitia
2115 883 2229 912 librarii

1188 920 1324 957 proxime
1348 917 1474 947 accedit.

1615 1026 1672 1058 [st.
1692 1027 1718 1051 4.
1742 1030 1782 1051 11.
1792 1027 1803 1059 J

1209 1066 1474 1108 Gyoitegetes
1503 1067 1615 1108 Magy
1627 1080 1663 1098 ar
1697 1070 1852 1099 enekek
1881 1073 1916 1099 bs
1950 1070 2206 1102 Historiakat

1534 1111 1750 1140 versekben
1774 1112 1867 1141 irva.

1273 1159 1348 1189 Cod.
1365 1160 1549 1196 chartaceus,
1572 1172 1587 1189 e
1611 1162 1684 1191 bibl.
1704 1160 1908 1200 VVagenseil„
1932 1164 2026 1192 forma
2045 1165 2074 1192 4.
2090 1166 2230 1204 oblonga,

1185 1202 1284 1230 seculo
1315 1200 1407 1231 XVI.
1435 1214 1452 1231 a
1486 1202 1601 1231 leoma
1625 1205 1719 1242 Nagy
1751 1203 1897 1243 Hungaro
1928 1208 2112 1245 conscriptus
2143 1214 2231 1248 atque

1186 1244 1352 1272 initialibus
1384 1244 1495 1273 floridis
1535 1255 1567 1273 ac
1597 1245 1758 1283 phaleratis
1787 1247 1918 1285 perbelle
1952 1249 2119 1286 variegatus
2129 1271 2137 1286 ‚
2171 1260 2231 1289 quo

1188 1286 1264 1313 inest
1280 1287 1455 1314 cantionum
1469 1290 1704 1326 poematumque
1723 1287 1957 1326 hungaricorum
1974 1291 2119 1319 collectio.
2148 1290 2231 1320 Haec

1162 1330 1164 1360 j
1187 1329 1321 1355 carmina
1345 1329 1452 1366 partim
1486 1328 1593 1367 hymni
1618 1329 1751 1369 odaeque
1781 1336 1850 1359 sunt
1874 1332 1904 1358 in
1928 1342 2015 1359 usum
2039 1334 2231 1362 ecclesiarum

1162 1395 1163 1399 ,
1186 1368 1360 1407 Hungariae
1384 1369 1603 1399 catholicarum
1628 1372 1820 1410 compositae,
1844 1374 1951 1411 partim
1973 1384 2160 1412 paraeneses,
2183 1386 2231 1404 ar-

1162 1406 1164 1414 *
1184 1413 1321 1449 gumenti
1355 1411 1493 1441 didactici
1505 1434 1512 1447 ‚
1543 1414 1649 1451 partim
1681 1424 1811 1452 epopeae
1838 1425 1937 1443 sacrae
1969 1422 2019 1444 aut
2052 1418 2227 1451 nationale-s,

1162 1450 1164 1469 ἶ
1185 1454 1293 1493 quibus
1321 1455 1449 1483 nationis
1473 1456 1636 1484 certamina
1664 1467 1697 1484 ac
1721 1457 1904 1485 calamitates
1932 1461 2136 1487 monumentis
2158 1461 2231 1488 sim-

1184 1497 1312 1534 plicibus
1322 1517 1329 1531 ,
1347 1502 1478 1524 attamen
1502 1497 1663 1535 grandibus
1686 1505 1895 1527 consecrantur
1948 1498 2050 1534 Juvat,
2077 1502 2229 1539 sigillatim

1162 1537 1164 1540 “
1185 1538 1294 1565 referre
1303 1559 1311 1572 ,
1343 1549 1420 1578 quae
1444 1538 1500 1568 hoc
1525 1540 1627 1568 codIce
1658 1541 1868 1570 collectoribus
1891 1543 2066 1571 cantionum
2089 1545 2229 1572 nationa-

1186 1580 1259 1607 lium
1285 1580 1526 1609 commendando
1551 1582 1753 1611 continentur.

1272 1624 1302 1649 1=
1326 1620 1592 1661 Gytiitegete's
1609 1622 1768 1663 R'Iagyar
1784 1625 2061 1661 danolasokat‚
2086 1624 2230 1655 Colle-ctio

1187 1660 1372 1692 Cantionum
1424 1666 1633 1693 communium
1643 1689 1650 1703 ‚
1704 1677 1830 1706 quarum
1873 1678 2072 1708 unaquaeque
2122 1669 2229 1697 initiali

1184 1704 1387 1742 pulcherrima
1412 1707 1507 1745 fulget
1531 1708 1607 1745 (foll.
1637 1707 1689 1746 42)
1699 1730 1707 1744 ,
1732 1710 1762 1736 in
1790 1708 1835 1737 his
1859 1712 1957 1738 cantio
1982 1710 2018 1738 de
2042 1710 2151 1739 divitiis
2160 1733 2167 1746 ,
2193 1710 2228 1739 de

1185 1744 1429 1776 Transsilvaniae
1449 1751 1581 1788 periculo
1605 1749 1652 1786 (A
1663 1761 1678 1778 z
1702 1748 1727 1779 E
1738 1761 1751 1779 ι·
1762 1750 1780 1779 d
1791 1751 1852 1791 ely
1875 1753 1905 1781 V
1914 1763 1947 1781 es
1960 1763 1974 1780 z
1985 1763 2000 1780 e
2010 1752 2028 1781 d
2037 1754 2071 1781 el
2081 1763 2109 1780 m
2119 1764 2134 1781 e
2144 1756 2182 1781 ro'
2191 1752 2227 1791 l),

1184 1789 1222 1817 de
1244 1790 1436 1819 matrimonio
1462 1798 1517 1821 etc.

1271 1834 1302 1869 2)
1327 1832 1506 1862 Historia
1546 1845 1588 1863 az
1615 1833 1764 1875 Erdely
1796 1834 2029 1873 Orszagnak
2066 1835 2227 1876 Nyamo-

1184 1873 1394 1912 ri'isagarol
1418 1877 1452 1904 es
1468 1874 1764 1915 lllagyaroknak
1783 1876 1952 1906 Bathori
1970 1876 2099 1907 Gabor
2122 1880 2226 1907 ellen

1184 1916 1272 1944 valo
1305 1918 1648 1953 feltamadasarol,
1679 1918 1819 1953 Notaia
1855 1917 2040 1959 Gyazban
2071 1922 2226 1955 tiltezet,

1185 1957 1215 1986 h.
1234 1969 1260 1986 e.
1272 1980 1279 1994 ,
1307 1959 1441 1988 Historia
1458 1960 1494 1988 de
1509 1959 1752 1990 Transsilvaniae
1767 1962 1884 1990 miserIa
1900 1968 1927 1990 et
1944 1959 2159 2000 Hungarorum
2175 1974 2226 1991 re-

1184 2001 1316 2028 bellione
1341 2007 1444 2030 contra
1469 2001 1599 2031 Bu'llzorz'
1630 2001 1744 2040 Gdhor,
1769 2005 1831 2032 aria
1854 2010 1935 2033 veste
1961 2004 2079 2042 lugubri
2105 2006 2223 2039 amiota,

1184 2052 1276 2082 quam
1293 2044 1406 2082 excipit
1423 2043 1576 2078 „Historia
1594 2047 1652 2074 alia
1669 2045 1706 2075 de
1720 2046 1826 2074 iisdem
1842 2046 1999 2074 disturbis¹‘
2019 2046 2095 2082 (foll.
2117 2050 2178 2079 11).

1269 2088 1301 2118 3)
1325 2084 1507 2115 Historia
1531 2097 1571 2115 az
1596 2087 1821 2117 Jerusalem
1844 2086 2068 2117 varoszinak
2100 2099 2225 2117 vesze-

1182 2125 1376 2156 delmerol
1399 2127 1515 2158 Titus
1537 2131 1671 2159 vestdl
1694 2141 1736 2159 az
1761 2131 1860 2159 mint
1889 2139 1970 2167 meg
1993 2128 2159 2159 Vetetet
2183 2141 2221 2159 az

1182 2166 1390 2198 Sidokuak
1413 2181 1515 2210 nagy
1536 2171 1794 2209 romla'asokal,
1812 2171 1843 2200 h.
1863 2182 1888 2200 e.
1899 2171 2030 2200 Historia
2045 2172 2081 2200 de
2102 2174 2220 2201 interitu

1180 2209 1460 2250 Hierosolymorum
1483 2224 1535 2252 per
1553 2215 1658 2243 Titum
1672 2214 1916 2254 Judaeorumque
1931 2216 2064 2252 pernicie
2086 2216 2220 2255 ipsorum

1180 2255 1307 2291 peccatIs
1324 2261 1475 2284 contracta
1491 2256 1572 2292 (foll.
1592 2256 1654 2294 15).

1265 2294 1649 2330 4)E1dau1nekiink
1671 2299 1740 2326 mit
1763 2308 1846 2326 mon
1859 2298 1923 2326 dot
1947 2308 1987 2325 az
2014 2298 2133 2331 Isten,
2149 2297 2179 2325 h.
2196 2308 2219 2325 e,

1180 2334 1349 2376 Reputate,
1375 2349 1525 2379 quaenam
1548 2337 1631 2369 Deus
1652 2341 1737 2368 nobis
1757 2340 1885 2376 dixerit,
1910 2343 2015 2378 poe‘ma
2038 2339 2218 2368 didacticum

1194 2380 1255 2408 fon.
1272 2380 1315 2416 5).

1179 2377 1190 2418 (
1267 2421 1297 2459 5)
1320 2420 1503 2451 Historia
1520 2434 1562 2452 az
1576 2422 1670 2453 Izak
1687 2421 1987 2462 'Aldozatjar61,
2009 2422 2039 2451 h.
2055 2433 2079 2451 e.
2093 2421 2219 2451 Historia

1180 2463 1217 2492 de
1233 2461 1327 2492 Isaaci
1341 2465 1558 2495 sacrificatione
1575 2466 1648 2504 (foll.
1669 2465 1728 2504 3).›

1263 2507 1295 2543 6)
1319 2506 1436 2535 Jacob
1453 2505 1764 2537 Patriarchanak
1779 2507 1915 2535 fianak
1931 2506 2217 2543 Josefuekszep

1179 2546 1419 2586 Historiaja,
1440 2547 1473 2578 h.
1497 2560 1536 2585 e.,
1553 2549 1660 2587 Josefi,
1675 2550 1727 2578 filii
1749 2548 1852 2579 Jacobi
1870 2548 2075 2582 Patriarchae.
2095 2549 2218 2577 historia

97 2581 264 2624 (σχήματα,
287 2579 366 2623 ἦχοι,
389 2587 523 2627 φθοραί)
545 2589 700 2627 expositio,
723 2587 824 2616 addita
842 2587 1014 2626 anthologia
1029 2598 1133 2617 exem·
1154 2585 1158 2625 s*
1176 2590 1250 2627 (foll.
1270 2588 1315 2630 9).

135 2683 162 2715 ¹)
181 2682 209 2708 ln
228 2683 267 2708 his
286 2684 418 2709 codicibus
441 2686 757 2711 rumice-ecclesiasticis
771 2686 958 2718 describendis,
982 2694 1038 2712 cum
1059 2688 1113 2720 ipse
1132 2688 1235 2720 linguae
1254 2688 1367 2714 slavicae
1385 2690 1482 2715 veteris
1504 2690 1608 2722 ignarus
1631 2692 1677 2716 sim
1689 2710 1695 2722 ‚
1722 2691 1841 2716 relationi
1867 2691 1975 2722 fideique
1996 2690 2086 2715 Esaiae
2104 2688 2216 2713 Kokancf

200 2717 424 2743 Archimandritae
445 2719 586 2753 Lipsiensis
609 2721 710 2746 innixus
730 2729 793 2745 sum.

1760 2771 1800 2797 40
