2482 3068
1182 195 1245 239 45

146 320 186 358 [in
202 325 370 357 argumento
386 323 489 359 psalm.
505 323 584 351 XVI.
601 322 646 350 ed.
664 332 732 360 opp.
751 323 872 351 Hieron.
892 321 1027 350 Vallars.
1044 323 1189 350 tomxlt.

143 362 367 431 Ap¹'g.¹}‘·l'·¹'ag'
383 363 434 393 35.
460 363 594 401 liu.29.]
627 374 686 400 pro
709 362 781 404 ipsa
808 363 1048 404 praesumptione
1075 362 1190 404 quase

143 413 204 432 exa
248 415 288 432 ινι
303 424 409 434 .....

592 462 739 499 CXLV.

523 511 611 545 [Rep.
632 513 665 537 ll.
686 513 730 538 sol.
750 513 811 545 37.]

141 545 242 574 Codex
265 549 501 577 membranaceus
526 559 600 577 saec.
626 550 689 577 XII.
713 550 875 577 luculenter
898 553 1051 584 exaratus,
1082 549 1186 576 litteris

183 589 339 616 initialibus
355 592 423 618 atris
440 592 504 618 rudi
521 598 581 619 arte
598 592 690 629 pictiS,
707 592 944 628 inscriptionibus
961 592 1067 626 rubris,
1084 600 1186 617 vocum

185 631 362 668 compendiis
379 634 460 667 raris,
482 634 606 661 numeris
623 632 772 660 custodum
789 633 852 661 loco
868 633 905 660 ad
921 633 1049 669 singulos
1067 638 1187 659 octono-

185 681 249 699 rum
264 672 399 701 soliorum
418 675 579 712 manipulos
595 675 766 711 adscriptis,
784 675 865 703 lineis
881 675 945 702 stilo
962 675 1071 710 ductis,
1089 674 1186 701 folior.

185 712 234 744 16.
280 715 472 743 Continentur
495 716 580 744 haec:

161 753 194 793 a)
227 753 288 792 [sol.
307 756 333 785 1.
351 767 367 784 a
385 775 421 779 -
438 758 467 787 6.
484 757 521 794 a.]
568 757 799 786 Fusounx'rmx
826 766 1048 785 nxrosrrioms
1067 758 1186 784 limno-

227 806 308 825 Nnn
334 808 367 826 lx
392 799 596 834 Paos-imum,
620 800 687 827 inde
712 809 729 827 a
753 800 802 827 lib.
819 800 869 828 llI.
895 809 958 837 cap.
975 799 1025 829 31.
1050 798 1132 836 [tom.
1148 799 1184 825 V.

225 848 292 876 pag.
309 840 380 870 596.
398 842 447 869 lin.
463 842 514 871 25.
531 842 576 869 ed.
588 840 773 877 Martianay.]
792 851 883 878 usque
899 842 935 868 ad
952 842 1048 869 linem.
1094 841 1184 877 Incip.

224 880 323 909 quta
345 881 423 910 illud
445 882 647 918 propheticum
677 893 741 910 cum
763 880 887 921 uideris
909 888 963 911 cet.
1015 883 1128 920 Explic.
1153 883 1185 909 in

221 922 362 962 presenti
384 926 446 952 uita
467 924 638 954 collaudare
653 923 812 964 seruitiis
826 936 929 960 amen,-

162 961 196 1002 ὂ)
229 964 296 1001 [sol.
321 967 350 996 6.
376 969 392 993 b
419 985 455 989 —
478 968 507 997 9.
532 967 575 1005 a.]
621 966 782 1002 Expositio
804 965 892 1002 dicti,
924 965 1004 1005 quod
1023 965 1181 994 Proverbb.

223 1007 334 1035 XXX.
361 1008 409 1038 16.
429 1008 546 1044 legitur.
591 1011 708 1037 Titulus
733 1011 819 1037 rubro
846 1011 985 1047 scriptus,
1016 1010 1064 1047 qui
1087 1015 1183 1036 tamen

223 1059 259 1078 ex
274 1060 378 1087 magna
395 1057 477 1088 parte
492 1053 520 1079 in
537 1052 622 1079 litura
638 1057 695 1087 est,
712 1052 757 1079 hic
773 1062 834 1079 esse
850 1052 977 1079 videtur:
1001 1052 1125 1079 IthmT
1143 1060 1182 1078 ΒΕ
1200 1058 1203 1079 1

223 1100 264 1120 Bo
290 1100 372 1125 quon
398 1102 431 1120 lx
456 1094 642 1122 Ssnonosis
667 1102 760 1121 Lmno
787 1102 944 1121 scmrrnm
969 1103 1026 1121 EST
1050 1101 1184 1120 ssxott-

223 1142 304 1162 socr.
346 1143 455 1161 fflmwr
495 1144 574 1162 rans
604 1144 690 1162 mma
722 1135 896 1162 KAmTA'rn
928 1136 1110 1162 Knmssnffl
1142 1143 1182 1161 m·

223 1180 306 1207 lit-:33
328 1175 389 1211 [sic]
407 1184 486 1203 ‘runs
504 1185 567 1204 Nox
587 1179 830 1205 swrmvnnnx'ri
853 1185 892 1203 1-1‘r
909 1185 1063 1209 Quartum
1085 1175 1183 1211 [quar—

223 1216 289 1253 ta'?]
317 1226 378 1244 κον
402 1225 498 1244 ιιιειτ.
522 1226 612 1244 SATIS
637 1226 705 1244 ns’r.
750 1217 901 1252 Expositio
917 1218 979 1253 ipsa
994 1218 1080 1253 incip.
1097 1217 1182 1242 GRA-

222 1265 280 1284 vns
302 1258 416 1291 &pene
433 1256 655 1284 inextricabiles
678 1254 855 1295 questiones
869 1262 923 1284 cet.
968 1258 1080 1294 Explic.
1106 1255 1184 1293 quod

221 1305 289 1326 ante
303 1297 453 1326 labacrum
474 1298 501 1335 [a
518 1309 603 1326 manu
621 1300 790 1327 correctrice
805 1298 965 1335 lavacrum]
986 1300 1181 1327 committitur.

221 1339 282 1377 [sol.
299 1340 327 1371 9.
345 1342 361 1367 b
386 1359 422 1362 —
447 1340 496 1371 16.
513 1340 551 1377 b.]
599 1342 826 1369 Fusonnx'rnn
854 1350 1077 1369 nxpos1¹r10x1s
1106 1342 1182 1368 Hm-

220 1391 345 1410 Roxrm
369 1383 399 1409 in
421 1383 683 1418 Eccnnsmsrux,
714 1384 749 1410 ab
771 1383 852 1410 initio
877 1381 975 1420 [incip.
997 1384 1088 1411 enim:
1110 1382 1182 1410 Me-

219 1425 292 1452 mini
313 1435 357 1452 me
378 1431 445 1452 ante
466 1423 518 1453 lioc
531 1425 635 1463 ferme
661 1426 889 1463 quinquennium
919 1424 990 1461 cet.]
1022 1435 1114 1462 usque
1144 1426 1180 1452 ad

219 1468 431 1504 expositionem
455 1477 590 1495 versuum
614 1467 662 1496 15.
687 1472 715 1495 et
739 1467 787 1497 16.
812 1467 913 1505 capitis
938 1468 974 1494 11.
1007 1466 1114 1503 [usque
1144 1468 1180 1494 ad

218 1510 323 1536 verba:
361 1509 481 1547 aequali
502 1507 590 1548 sorte
619 1511 790 1537 morientur.
829 1509 856 1536 &
879 1510 980 1536 omnia
1003 1510 1036 1536 in.
1058 1507 1111 1536 lzoc
1126 1506 1200 1548 sem

219 1549 284 1578 culo
299 1573 306 1580 .
324 1572 331 1579 .
348 1573 354 1579 .
373 1557 398 1587 .',
429 1562 504 1589 quae
528 1553 664 1588 leguntur
684 1553 714 1580 in
738 1552 785 1580 ed.
810 1561 879 1589 opp.
904 1552 1024 1579 Hieron.
1044 1550 1179 1580 Vallars.

219 1597 286 1620 tom.
303 1594 351 1621 III.
376 1603 443 1631 pag.
458 1590 531 1624 403.
547 1593 594 1631 Ε.]

532 1710 572 1735 Re
594 1729 600 1734 .
621 1710 654 1734 II.
681 1710 724 1735 fol.
745 1709 787 1734 38.

134 1744 235 1772 Codex
250 1745 486 1782 membranaceus
501 1710 657 1774 siiec.pXII.
674 1709 827 1783 perspiciie
843 1746 966 1782 scriptus
977 1766 986 1781 ,
1007 1746 1109 1773 litteris
1125 1746 1179 1772 ini-

175 1787 290 1814 tialibus
311 1788 433 1824 simplici
453 1793 514 1816 arte
537 1789 665 1823 ornatis,
694 1797 795 1815 vocum
818 1788 996 1825 compendiis
1018 1788 1178 1823 rarissimis,

175 1829 318 1865 scriptum
340 1830 368 1855 in
391 1829 463 1857 duas
481 1831 628 1857 columnas
644 1830 796 1865 distincta,
821 1830 903 1857 lineis
919 1829 983 1856 stilo
1000 1829 1110 1863 ductis,
1134 1829 1179 1855 so-

174 1869 238 1897 lior.
254 1868 306 1904 42,
323 1879 446 1906 quorum
462 1871 512 1900 42.
531 1873 556 1899 b.
580 1881 700 1899 vacuum
725 1877 767 1898 est
791 1872 943 1908 scriptura.
989 1871 1178 1898 Continetur:

216 1911 446 1940 Fnscmnx'rmt
465 1922 686 1941 EXPOSITIONIS
706 1914 890 1941 Hmnoxrm
910 1921 943 1940 lx
960 1913 1176 1940 Evam-amum

131 1952 326 1988 ΜΑΤΤΗΑΕΙ,
347 1962 409 1981 Lm.
427 1955 476 1981 III.
495 1964 534 1982 ΕΤ
551 1955 601 1982 IV.
646 1955 737 1991 Incip.
754 1956 789 1982 ab
807 1955 839 1981 iis
856 1955 947 1982 verbis
964 1955 1012 1982 lib.
1030 1955 1079 1981 III.
1103 1953 1176 1991 [cap.

130 1993 181 2023 21.
204 2003 259 2022 vss.
275 1994 326 2024 21.
343 2000 371 2023 et
385 1995 447 2032 22]
459 2017 468 2031 ,
499 2006 574 2033 quae
596 1997 740 2024 habentur
764 1997 793 2023 in
810 1996 855 2025 ed.
873 2006 942 2033 opp.
962 1997 1081 2024 Hieron.
1102 1995 1177 2023 Val-

131 2035 204 2064 lars.
234 2041 303 2064 tom.
324 2038 388 2064 VII.
419 2047 484 2075 pag.
514 2038 582 2069 166.
608 2039 658 2066 B.:
693 2039 823 2073 potuerit
845 2049 898 2076 que
916 2036 1017 2076 potest
1039 2036 1184 2077 quamuis

130 2077 307 2114 multiplicia
330 2077 399 2117 sint
422 2086 476 2107 cet.
521 2081 633 2118 Explic.
656 2081 688 2107 in
715 2091 774 2118 qua
794 2079 835 2119 se
859 2078 926 2120 scit
947 2080 1090 2118 futurum
1113 2092 1176 2109 cum

130 2118 289 2160 apostolis:
334 2122 514 2158 Subscriptio
530 2124 613 2150 variis
638 2123 782 2150 coloribus
800 2124 891 2160 picta:
914 2123 1100 2152 EXPLICIT
1121 2124 1175 2152 LI-

129 2163 211 2192 BER
226 2164 418 2197 QUARTUS
440 2164 521 2192 DEO
544 2165 715 2193 GRATIAS
738 2165 860 2193 AMEN.

521 2238 792 2322 ..gelata

132 2323 233 2351 Codex
253 2324 420 2352 chartaceus
441 2334 515 2353 saec.
531 2326 595 2353 XV.
615 2327 644 2353 in
660 2327 772 2354 duabus
788 2326 926 2353 columnis
943 2326 1081 2362 scriptuS,
1105 2326 1174 2353 olim

174 2371 332 2401 catenatus,
357 2367 457 2394 litteris
478 2367 634 2395 initialibus
651 2369 737 2395 rubro
754 2369 946 2405 caeruleoque
962 2368 1054 2404 pictis,
1079 2367 1173 2395 folior.

175 2406 246 2443 243,
263 2418 384 2445 quorum
402 2408 430 2437 1.
446 2418 472 2436 a.
490 2415 518 2437 et
532 2409 605 2439 238.
622 2411 639 2437 b
657 2427 694 2431 —
710 2409 782 2439 243.
798 2411 938 2448 scriptura
955 2414 1066 2438 vacant.
1097 2410 1174 2437 Con-

177 2449 319 2477 tinentur:

216 2492 392 2520 Aocnsrln
418 2501 458 2520 nr:
483 2502 635 2521 civi'rATn
659 2494 721 2522 Dm
745 2502 828 2522 mim.
852 2492 1038 2520 XI—XXII.
1081 2493 1172 2530 Incip.

133 2531 196 2568 (sol.
212 2532 256 2569 2.)
287 2533 436 2562 Civitatem
458 2533 506 2562 der·
527 2534 668 2571 dicimus,
701 2537 784 2564 cuius
805 2546 840 2563 ea
861 2537 1012 2570 scriptura
1033 2536 1112 2562 testis
1133 2542 1174 2563 est

132 2579 186 2601 cet.
230 2575 342 2612 Explic.
364 2587 421 2604 non
449 2576 520 2604 mihi
545 2577 599 2606 sed
625 2577 677 2606 deo
699 2589 806 2606 mecum
825 2580 942 2614 gratias
963 2576 1173 2612 congratulan-

131 2621 173 2643 tes
194 2624 285 2651 agant
306 2618 416 2648 Amen.
462 2620 617 2648 Praeterea
640 2622 669 2648 in
689 2621 747 2648 fine
770 2621 842 2648 haec
867 2622 1018 2655 leguntur:
1044 2619 1173 2655 Comple-

131 2663 177 2686 tus
199 2666 239 2686 est
261 2661 313 2687 iste
334 2660 407 2689 liber
429 2661 482 2690 deo
503 2662 666 2698 opitulante
687 2673 767 2691 anno
789 2662 842 2690 dni
863 2664 910 2690 ΜΟ
931 2662 1048 2690 CCCCO
1066 2663 1171 2690 XLVII

129 2700 160 2728 in
187 2701 292 2737 vigilia
315 2701 364 2741 sti
385 2703 530 2733 laurencii
559 2703 633 2733 liora
653 2712 754 2734 octava
776 2707 1039 2742 appropinquante
1060 2703 1103 2732 acl
1122 2703 1172 2732 Ῐιο-

130 2752 194 2772 ram
217 2754 322 2773 nonam
341 2756 399 2782 per
427 2757 471 2775 me
492 2747 648 2777 Nicolaum
670 2747 874 2785 Langembetg
895 2748 1039 2776 vicarium
1060 2748 1171 2775 vicarii

1226 322 1261 348 in
1282 321 1407 350 ecclesia
1428 322 1680 361 Illerseburgensi.
1731 325 1797 355 Deo
1824 326 1890 354 Inus
1919 333 1947 355 et
1969 326 2117 356 benedicte
2139 331 2199 357 eius
2218 339 2270 366 ge-

1225 365 1339 392 nitrici.
1365 381 1401 386 --
1438 367 1468 393 In
1485 369 1576 404 primo
1593 368 1663 395 solio
1680 378 1779 397 averso
1797 370 1900 407 legitur
1916 371 2067 407 Augustini
2084 372 2112 398 in
2128 372 2215 399 libros
2232 374 2269 401 de

1226 407 1341 433 civitate
1357 407 1401 434 dei
1419 418 1453 435 ex
1469 411 1702 437 retractationum
1717 412 1787 438 libro
1803 413 1930 439 secundo
1947 418 2163 448 argumentum,
2189 415 2268 450 quod

1225 448 1312 484 incip.
1336 447 1455 477 Interea
1477 460 1558 478 roma
1575 450 1726 487 gothorum
1746 455 1928 490 irruptione,
1958 456 2106 489 agentium
2127 454 2179 482 sub
2201 466 2269 491 rege

1224 488 1354 518 Alarico
1377 498 1430 520 cet.
1474 493 1586 529 Explic.
1610 493 1748 523 dicuntur
1764 496 1836 533 filii
1856 496 1962 524 [srael.
1988 513 2024 518 —
2072 498 2131 524 Iam
2155 507 2190 524 ex
2214 498 2268 534 his,

1224 541 1299 568 quae
1321 534 1431 561 addidit
1455 535 1607 571 librarius,
1638 547 1696 564 non
1717 538 1835 565 dubium
1859 544 1918 574 est,
1941 541 2010 576 quin
2034 541 2068 566 ab
2085 540 2186 567 eodem
2203 541 2265 577 ipso

1224 575 1333 610 priores
1358 585 1475 612 quoque
1499 576 1524 602 X
1547 577 1610 604 libri
1634 579 1689 605 alio
1709 580 1854 607 volumine
1878 581 2014 617 descripti
2038 582 2164 617 suerint,
2188 582 2266 618 quod

1204 620 1318 643 rtameu
1348 617 1377 643 in
1409 617 1582 645 bibliotheca
1612 625 1711 647 nostra
1736 631 1791 647 non
1816 628 1991 649 asservatum
2013 628 2065 650 est.
2111 624 2152 650 Ita
2173 624 2265 650 enim:

1221 654 1274 684 Ῐιοε
1291 656 1492 693 prohemium,
1523 660 1631 696 inquit,
1661 671 1725 688 cum
1747 661 1888 690 librorum
1911 671 1937 690 et
1963 662 2068 692 decimi
2090 666 2175 692 totius
2197 663 2266 692 libri

1222 698 1258 726 de
1283 698 1334 728 deo
1356 698 1403 728 hic
1421 702 1548 736 positum
1571 709 1612 729 est
1633 709 1660 730 et
1686 705 1858 739 rescriptum
1885 716 1942 740 per
1963 709 2133 742 scriptorem
2157 714 2187 734 ut
2209 718 2265 742 ap-

1218 749 1327 776 pareat
1350 742 1424 780 quid
1445 750 1472 771 et
1494 742 1530 771 de
1552 755 1606 781 quo
1627 753 1786 780 pertractet
1809 749 1840 774 in
1861 749 1967 782 primis
1990 747 2084 777 decem
2106 748 2189 777 libris
2213 751 2265 787 qui

1220 782 1363 812 habentur
1385 787 1415 813 in
1438 785 1497 814 alio
1518 786 1659 815 volumine
1680 795 1706 816 et
1728 787 1800 826 quid
1822 791 1852 816 in
1875 789 2024 818 duodecim
2046 790 2128 819 libris
2146 802 2265 829 sequen-

1222 825 1306 855 tibus.
1351 827 1490 866 Sequitur
1511 839 1580 864 ergo
1602 829 1677 858 liber
1700 830 1868 860 undecimus
1892 831 1928 860 de
1949 834 2063 861 civitate
2085 833 2141 862 dei.
2188 834 2264 862 Civi-

1220 876 1305 897 tatem
1326 868 1375 897 dei
1395 869 1518 899 dicimus
1538 877 1592 899 cet.

1220 1031 1321 1058 Codex
1336 1032 1573 1059 membranaceus
1589 995 1744 1061 εΙΞΊῗΞῨΧΙΙΙΙ.
1756 998 1911 1069 ,sollieffgdet
1926 1040 2092 1063 constanter
2107 1036 2135 1062 in
2151 1035 2262 1063 duabus

1261 1073 1403 1100 columnis
1428 1075 1569 1111 scriptus,
1601 1076 1682 1102 lineis
1707 1076 1893 1113 plumbagine
1917 1077 2027 1113 ductis,
2057 1078 2140 1114 pictis
2162 1078 2262 1104 litteris

1262 1115 1402 1151 cuiusque
1415 1116 1478 1142 libri
1495 1116 1662 1151 initialibus,
1678 1118 1778 1144 vocum
1796 1119 1973 1154 compendiis
1990 1129 2047 1146 non
2063 1120 2170 1155 multis,
2190 1129 2262 1156 pau-

1261 1157 1299 1182 cis
1318 1157 1390 1183 notis
1407 1157 1435 1183 in
1451 1158 1579 1191 margine
1596 1159 1718 1195 scriptis,
1741 1159 1834 1186 solior-
1850 1160 1924 1195 214,
1947 1171 2069 1197 quorum
2085 1160 2134 1190 Sl.
2152 1170 2178 1188 a.
2194 1161 2262 1187 scri-

1261 1203 1347 1233 ptura
1369 1204 1467 1231 vacat,
1490 1198 1562 1226 214.
1584 1201 1751 1227 cantionum
1767 1202 1948 1228 ecclesiastic.
1966 1202 2159 1239 fragmentum
2175 1202 2263 1230 habet

1261 1247 1325 1264 cum
1343 1239 1418 1264 notis
1435 1240 1559 1266 musicis.
1605 1240 1759 1268 Continet:

1302 1279 1333 1305 S.
1359 1280 1494 1307 Arnum
1519 1282 1696 1309 Ancrsrm
1729 1292 1769 1310 nt:
1799 1293 1950 1311 mvn-Aru
1981 1294 2035 1312 nm
2066 1294 2148 1312 mnu.
2172 1285 2260 1313 xxm.

1199 1319 1414 1347 'Praemittitur
1437 1320 1503 1356 [Eae
1525 1320 1599 1349 libro
1622 1326 1860 1352 retractationum
1883 1324 2035 1365 angustini
2055 1326 2192 1362 episcopi]
2216 1337 2261 1354 al·-

1199 1368 1385 1398 lgumentuln
1402 1365 1508 1400 operis,
1534 1365 1613 1401 quod
1630 1366 1716 1403 incip.
1739 1366 1859 1395 Interea
1882 1367 1977 1396 Romu
2004 1367 2160 1396 Gothorum
2183 1370 2261 1395 irru-

1214 1405 1342 1438 ptionem
1365 1411 1418 1432 cet.
1446 1404 1531 1442 [quae
1553 1407 1639 1434 verba
1664 1408 1764 1436 litteris
1789 1411 1937 1446 quadratis
1962 1411 2047 1438 modo
2064 1412 2157 1438 rubris
2174 1411 2260 1438 modo

1199 1463 1200 1483 5
1218 1447 1355 1474 caeruleis
1372 1447 1479 1484 scripta
1495 1447 1583 1484 suut].
1627 1450 1790 1487 Antequam
1816 1462 1889 1489 opus
1911 1454 2005 1490 ipsum
2031 1452 2092 1489 [sol.
2112 1453 2137 1481 l.
2156 1452 2193 1489 b.]
2217 1454 2260 1480 iu-

1199 1489 1200 1523 }
1217 1488 1296 1525 cipit,
1313 1489 1364 1515 sol.
1382 1488 1409 1517 l.
1426 1498 1452 1516 a.
1469 1489 1541 1517 haec
1557 1491 1704 1527 quadr-'itis
1721 1494 1821 1520 litteris
1833 1515 1841 1529 ,
1867 1495 1960 1521 rubris
1976 1500 2004 1522 et
2020 1495 2158 1522 caeruleis
2174 1495 2260 1521 alter-

1217 1531 1369 1567 nantibus,
1395 1532 1502 1568 scripta
1527 1538 1606 1559 sunt:
1636 1532 1675 1559 In
1697 1537 1814 1562 nomine
1835 1534 1888 1562 dm·
1907 1538 1957 1563 nri
1978 1535 2034 1563 ΙῘιη-
2055 1535 2138 1563 XPI
2158 1537 2260 1571 incipit

1215 1570 1290 1599 liber
1319 1571 1356 1600 de
1385 1574 1502 1600 cii-itate
1532 1571 1646 1602 domini
1667 1584 1775 1612 august.
1801 1580 1930 1614 episcopi
1953 1579 2081 1616 mirifice
2103 1577 2261 1614 disputatus

1216 1613 1352 1642 adversvs
1369 1625 1506 1650 paganos
1528 1622 1555 1643 et
1576 1616 1710 1646 demones
1740 1630 1834 1647 eorvm
1857 1620 1924 1649 cleos
1946 1620 1982 1649 ab
2007 1620 2134 1649 exordio
2157 1619 2260 1648 mundi

1215 1667 1274 1694 vsq.
1299 1659 1330 1684 in
1343 1658 1441 1695 finem
1462 1658 1558 1686 seculi.
1583 1676 1618 1680 —
1667 1661 1749 1698 Opus
1778 1664 1873 1700 ipsum
1897 1664 1984 1701 incip.
2013 1663 2259 1691 Gloriosissimam

1215 1701 1356 1727 ciuitatem
1379 1698 1427 1727 dez·
1447 1701 1506 1728 siue
1526 1702 1557 1727 in
1579 1700 1632 1730 lzoc
1653 1709 1813 1738 temporum
1834 1704 1926 1744 cursu
1944 1711 1997 1733 cet.
2014 1707 2117 1743 explic.
2134 1704 2186 1733 deo
2202 1716 2259 1733 me-

1197 1752 1278 1771 :cum
1294 1744 1411 1777 gratias
1429 1743 1667 1778 congratulantes
1689 1753 1789 1780 agant.
1827 1748 1948 1776 AMEN.
1988 1747 2035 1783 [et
2065 1749 2150 1775 rubro
2182 1749 2259 1785 picta

1196 1784 1414 1822 lsubscriptiot]
1437 1785 1567 1820 explicit
1589 1786 1662 1815 liber
1683 1787 1798 1818 ΧᾹἹῙ.
1821 1788 1990 1825 Augustini
2009 1789 2045 1817 cle
2064 1791 2178 1824 civitate
2201 1788 2258 1817 dei.

1196 1821 1277 1855 {Foh
1302 1826 1330 1856 l.
1347 1836 1372 1854 a.
1395 1828 1423 1854 in
1449 1828 1585 1856 inferiore
1609 1832 1738 1867 margine
1762 1831 1834 1858 haec
1858 1832 2010 1869 leguntur:
2040 1830 2134 1859 Liber
2156 1830 2260 1868 sancte

1196 1867 1263 1900 ldci
1286 1870 1441 1903 genitricis
1461 1867 1621 1908 fiznctique
1649 1872 1815 1900 alexandri
1841 1876 1911 1901 noui
1939 1876 2036 1909 operis
2062 1866 2158 1910 prope
2186 1873 2257 1901 lzaH’

1213 1909 1326 1939 ordinis
1356 1914 1514 1939 canonicor
1543 1913 1722 1949 regularium
1756 1914 2019 1955 magdeburgensis
2049 1915 2132 1954 dyoc.
2192 1917 2257 1944 Fol.

1195 1953 1263 1990 ¹80.
1282 1955 1327 1990 b.,
1357 1955 1409 1981 sub
1434 1955 1492 1982 fine
1516 1955 1581 1983 libri
1607 1957 1708 1985 decimi
1732 1967 1748 1985 a
1770 1960 1931 1986 recentiore
1955 1969 2042 1986 mauu
2064 1959 2135 1986 haec
2151 1960 2257 1995 scripta

1195 1999 1293 2022 ³sunt:
1339 1994 1402 2023 Ora
1432 2006 1488 2031 pro
1519 1996 1562 2025 lia
1591 1997 1722 2027 michael.
1757 2001 1806 2037 qui
1835 2011 1878 2028 me
1909 2002 2061 2029 contexuit
2090 2011 2169 2029 (cuno
2191 1999 2257 2028 Dm·

1212 2037 1260 2065 Mo
1279 2038 1372 2066 CCC0
1389 2039 1517 2067 LxflJo.

1657 2115 1825 2151 CXLIX.

1594 2165 1679 2197 [nep.
1701 2166 1735 2190 11.
1756 2167 1800 2191 foi.
1820 2167 1881 2199 u]

1212 2199 1311 2227 Codex
1330 2201 1566 2229 membranaceus
1587 2203 1616 2229 in
1638 2204 1734 2229 subtili
1759 2204 1890 2240 laevique
1906 2204 2072 2231 membrana
2087 2212 2162 2231 saec.
2178 2203 2253 2230 XIII.

1253 2247 1398 2278 exaratus,
1414 2243 1495 2270 initio
1512 2249 1540 2270 et
1556 2244 1613 2271 fine
1630 2245 1757 2279 mutilus,
1773 2246 2008 2282 inscriptioniluis
2024 2246 2128 2280 rubris,
2152 2245 2254 2272 litteris

1252 2284 1409 2311 initialibus
1433 2286 1512 2312 milto
1538 2286 1639 2322 pictis,
1670 2287 1815 2313 interdum
1845 2289 1930 2314 etiam
1956 2288 2109 2314 artificiose
2134 2287 2253 2322 ornatis,

1252 2326 1334 2353 lineis
1350 2332 1511 2354 atramento
1528 2327 1620 2354 ductis
1632 2349 1640 2362 ,
1666 2329 1771 2355 notulis
1787 2338 1803 2355 a
1819 2330 1977 2356 recentiore
1994 2338 2079 2355 manu
2097 2329 2133 2355 ad
2149 2329 2253 2364 margi-

1252 2377 1319 2394 nem
1348 2368 1510 2405 adscriptis.
1563 2369 1720 2406 Manipulis
1752 2376 1921 2398 octonorum
1952 2371 2086 2397 loliorum
2116 2371 2252 2407 adscripti

1251 2414 1319 2436 sunt
1335 2411 1477 2438 custodes.
1524 2412 1577 2438 Hic
1593 2412 1683 2438 codex
1699 2412 1775 2439 soliis
1791 2412 1831 2441 45
1847 2414 1970 2449 scriptus
1986 2413 2128 2439 continet:

1230 2449 1263 2488 a)
1294 2453 1471 2480 Aravs'rlxt
1495 2461 1656 2481 LIBRORUu
1684 2463 1723 2481 ΒΕ
1750 2462 1910 2481 nochxA
1936 2462 2134 2481 cumsTtAx'A
2151 2461 2252 2481 FRAG-

1294 2503 1438 2522 MENTUu.
1482 2496 1571 2532 Incip.
1594 2506 1637 2522 me
1658 2496 1688 2523 in
1704 2497 1854 2531 principio
1866 2493 2119 2534 uiarumfiearum
2138 2502 2167 2522 ut
2185 2494 2252 2523 intle

1293 2537 1458 2570 inciperent
1474 2542 1526 2564 cet.
1544 2536 1629 2574 [quae
1646 2540 1730 2565 verba
1746 2544 1813 2564 sunt
1828 2539 1877 2565 lib.
1893 2539 1914 2565 I.
1931 2548 1995 2575 cap.
2007 2538 2057 2567 34.
2074 2539 2103 2564 in
2119 2537 2250 2575 ed.Opp.

1293 2580 1365 2615 Aug.
1394 2579 1542 2606 Benedict.
1574 2580 1724 2607 Tom.111.
1758 2590 1823 2617 pag.
1842 2579 1890 2609 13.
1913 2580 1962 2616 Β.]
2008 2580 2120 2617 Explic.
2145 2581 2251 2606 ultimis

1291 2621 1384 2647 verbis
1401 2620 1464 2647 libri
1482 2621 1547 2648 1V.:
1569 2621 1825 2658 quantulacunque
1836 2623 1921 2656 potui
1933 2621 2088 2660 j'acultate
2102 2619 2249 2660 disserui.

1292 2661 1433 2697 Eaepticit
1455 2661 1529 2690 liber
1551 2670 1671 2700 quartus
1694 2663 1729 2691 de
1750 2663 1884 2692 doctrina
1906 2662 2076 2703 christiana
2099 2663 2176 2691 beati
2193 2674 2249 2690 an-

1289 2702 1409 2743 gustini
1431 2703 1496 2732 Deo
1516 2708 1640 2741 gratias.
1687 2708 1765 2734 Haec
1781 2708 1901 2744 implent
1916 2707 1978 2734 soll.
1996 2706 2107 2736 1-33,
2125 2707 2149 2733 Ι).
2176 2705 2250 2741 [Fol-

1291 2748 1341 2777 38.
1358 2748 1385 2774 b.
1410 2748 1439 2774 in
1455 2749 1549 2785 spatio
1566 2750 1600 2776 ab
1617 2750 1769 2786 Augustini
1785 2749 1863 2776 libris
1880 2758 1968 2776 saeuo
1986 2749 2084 2776 relicto
2102 2758 2150 2775 sex
2166 2748 2248 2775 lineis
