2482 3068
1149 161 1245 206 243

141 293 337 333 prouidentia
348 301 432 328 papa
448 290 597 331 (hirtas,
620 291 820 329 Pontificatus
835 290 895 329 sui.
917 301 996 320 anno
1015 291 1116 327 primo
1140 286 1183 317 ad
1210 318 1216 325 ι

145 337 320 376 instanciam
344 333 540 362 Venerabilis
559 336 658 370 patris
681 334 795 363 domini
818 336 1025 363 Go¹rsanLc1
1048 331 1182 361 Abbatis

147 387 174 408 et
197 380 362 407 Conuentus
383 375 569 414 Monafierii
590 376 781 413 Pigauiensts
809 376 929 405 ordinis
947 377 1058 414 sancti
1083 374 1199 413 Bene-¹¹

145 421 219 450 dicti
235 417 504 458 Illetseburgensis
526 418 657 456 diocesis
678 418 842 458 adsedem
863 416 1057 456 apostolicam
1080 423 1113 445 ut
1134 416 1198 451 ‹Ii-j

145 465 220 492 citur
240 461 326 489 nullo
348 460 445 488 medio
465 463 646 496 pertinentis
662 462 732 489 Cum
753 462 820 499 ipsi
841 459 949 488 Ablms
971 467 997 487 et
1019 461 1182 488 Conuentus

142 503 246 542 quibus
267 502 305 531 de
328 501 542 542 consuetudine
569 503 739 539 approbata
768 501 822 531 boc
850 502 1025 539 competebat
1047 501 1182 539 servatis

137 544 302 586 seruandis
323 552 447 581 propter
466 546 602 573 Iniurias
626 553 652 574 et
670 545 705 573 V
703 546 841 574 iolencias
861 543 1054 583 manifestas,
1079 550 1105 571 et
1127 553 1180 571 no-

142 589 238 616 torias
266 586 345 625 ipsis
377 594 403 615 et
434 598 533 616 eorum
556 586 745 625 DIonafierio
773 598 832 623 per
861 607 868 614 .
885 608 892 615 .
915 586 1126 624 Proconsulem
1150 606 1156 612 .
1174 605 1180 612 .

143 627 289 669 Consules
312 650 319 657 .
338 649 345 658 .
368 629 517 657 Scahinos
543 629 697 666 Opidanos
720 636 746 658 et
768 628 991 668 uniuersitatem
1018 627 1114 663 Opidi
1129 627 1180 655 Pi-

139 674 244 709 gavien
240 670 273 711 s
270 674 295 699 is
313 672 420 699 illatas
441 674 553 700 Contra
575 671 686 700 eosdem
710 692 717 699 .
733 692 741 700 .
762 670 976 710 Proconsulem
992 691 999 697 .
1011 691 1018 698 .
1035 668 1182 709 Consules

143 737 150 744 .
168 737 174 743 .
197 713 344 742 Scabinos
369 713 530 750 opidanos
552 715 775 753 vniuetsitatem
799 721 825 742 et
847 724 943 742 eorum
965 715 999 740 in
1020 710 1075 740 lzac
1092 719 1182 748 parte

141 757 300 792 complices
322 763 348 783 et
370 767 470 784 eorum
491 755 648 796 occasione
666 758 839 792 inceperant
855 755 969 794 ceffare
984 761 1010 782 et
1025 753 1182 794 cessabant

141 808 161 826 a
183 798 297 826 diuinis
323 808 359 826 ac
383 798 587 838 Ceffacionem
610 799 780 826 diuinorum
802 800 833 826 in
855 798 934 825 dicto
957 796 1048 833 opido
1068 798 1181 835 posue-

141 848 229 875 runt,
250 851 381 879 parsque
403 841 545 869 dictorum
570 862 577 868 .
594 861 600 868 .
622 841 753 869 Abbatis
775 847 801 868 et
825 841 989 868 Conuentus
1011 838 1055 867 ad
1072 838 1180 876 prose-

140 881 288 920 quendam
314 880 438 922 causam
460 883 636 922 celsacionis
654 882 790 918 predicte
810 882 971 921 adsedem
990 880 1180 919 apostolicam

134 923 177 962 se
194 932 434 960 prouocauerat,
465 924 586 964 causam
612 924 711 962 ipsam
732 935 784 953 nec
803 935 862 952 non
883 923 992 961 causas
1015 924 1179 952 uiolencia-

140 977 206 994 rum
229 965 425 1001 dampnorum
447 973 474 994 et
496 966 636 1006 intereff‘e
658 978 700 995 ex
718 966 869 1002 predictis
886 964 990 1005 causis
1005 966 1180 1005 cesl'acionis

141 1006 354 1044 dependentes,
377 1015 403 1036 et
424 1016 616 1045 emergentes,
646 1020 683 1037 ac
704 1011 816 1044 negocii
834 1009 1020 1045 principalis
1044 1008 1179 1036 l⁷enera-

141 1049 199 1078 bili
226 1057 252 1079 et
282 1051 500 1089 circumspecto
533 1053 596 1079 viro
630 1051 759 1079 Domino
791 1052 898 1079 Ρκτκο
925 1060 965 1078 ΒΕ
990 1052 1196 1079 ΞοηοΕκΑοσ

686 1091 795 1132 sancti
810 1092 924 1120 Felicis
942 1090 1180 1131 Tholosanensis

141 1091 258 1128 Legum
279 1091 393 1120 doctori
414 1092 523 1121 decano
545 1093 671 1132 ecclesie

139 1133 270 1171 diocesis
304 1135 488 1170 Cappellano
520 1134 584 1172 suo
621 1142 648 1162 et
676 1136 795 1171 palacii
826 1133 985 1171 apostolici
1018 1132 1196 1173 causarum¹

140 1176 295 1205 Auditori
315 1176 483 1204 audiendas
505 1176 686 1205 decidendas
713 1184 740 1204 et
761 1177 833 1214 sine
855 1176 950 1203 debito
974 1175 1179 1203 terminandas

140 1216 292 1258 commisit
321 1219 394 1246 Cum
425 1218 634 1254 emergentibus
665 1217 859 1246 incidentibus
891 1217 1120 1252 dependentibus
1153 1224 1179 1244 et

140 1262 287 1289 connexis
306 1258 410 1299 Cuius
424 1260 538 1297 quidem
557 1258 784 1299 Cononis-sionis
803 1262 903 1295 vigore
925 1258 1011 1286 Idem
1029 1259 1179 1286 Dominus

139 1303 265 1331 Pfx'rtws
281 1301 419 1330 Auditor
434 1304 464 1330 iu
480 1302 575 1339 cansa
596 1310 623 1330 et
645 1300 748 1341 causis
770 1300 938 1329 huiusmodi
960 1300 1054 1329 debite
1071 1311 1196 1339 proce-j

139 1343 213 1373 dens
231 1343 290 1372 Ad
311 1343 485 1382 instantiam
505 1346 666 1373 Mnus-rm
686 1346 855 1372 LAmu-:R'm
878 1353 914 1371 ni:
932 1344 1039 1371 Onsov
1061 1345 1093 1371 in
1117 1342 1179 1371 Ro-

138 1396 228 1414 mana
251 1387 342 1414 Curia
364 1393 392 1414 et
415 1386 561 1415 dictorum
583 1387 781 1414 Dominarum
802 1385 937 1414 Abbatis
959 1392 985 1413 et
1010 1386 1178 1413 Conuentus

134 1427 268 1464 predicti
294 1427 482 1466 Monasterii
511 1428 718 1456 Procuratoris
749 1438 848 1456 coram
880 1427 962 1455 nobis
995 1429 1025 1455 in
1052 1427 1178 1456 Judicio

138 1472 334 1506 comparentis
356 1477 382 1497 et
405 1469 443 1498 de
464 1469 604 1498 mandato
620 1467 694 1508 sine
712 1472 920 1505 procuratorio
935 1467 998 1508 suo
1013 1481 1071 1506 pro
1090 1469 1178 1498 dictis

138 1533 147 1541 .
162 1532 172 1541 .
192 1511 315 1540 Abbate
335 1519 361 1540 et
377 1513 530 1540 Conuentu
547 1511 640 1540 eidem
656 1512 775 1541 domino
792 1514 898 1540 P;·:TRO
913 1511 1068 1540 Auditori
1078 1512 1178 1550 fidem

137 1554 265 1591 legitime
283 1555 435 1594 facientis
457 1553 659 1594 supradictos
683 1575 689 1582 .
706 1575 712 1581 .
735 1553 952 1593 Proconsulem
978 1574 985 1581 .
1001 1575 1008 1581 .
1031 1553 1178 1593 Consules

138 1616 145 1624 .
157 1617 164 1624 .
178 1596 325 1625 Scabinos
344 1595 500 1632 Opidanos
517 1604 544 1624 et
562 1595 805 1636 Vniuersitatem
821 1596 898 1624 dicti
912 1595 999 1631 opidi
1013 1596 1177 1631 Pigauien-

132 1638 180 1676 fis
199 1646 226 1666 et
248 1649 346 1666 eorum
363 1645 576 1674 procuratores
591 1638 624 1674 fi
639 1641 690 1676 qui
715 1639 853 1677 essentia
869 1638 1039 1666 Romanam
1057 1640 1178 1666 Curiam

134 1691 193 1718 pro
221 1680 336 1719 eisdem
365 1680 407 1708 ad
437 1680 597 1708 dicendum
626 1687 651 1708 et
680 1679 886 1716 opponendum
913 1679 1060 1718 quidquid
1080 1680 1178 1709 dicere

134 1721 196 1762 seu
217 1733 364 1758 opponere
385 1723 489 1750 vellent
511 1721 684 1751 verbotenus
706 1730 756 1750 aut
778 1725 809 1750 in
826 1721 956 1758 scriptis
981 1730 1084 1751 contra
1106 1734 1176 1751 ean-

140 1764 206 1793 dem
229 1763 472 1801 Commissionem
503 1765 580 1793 dicto
610 1765 728 1793 domino
750 1764 901 1793 Auditori
921 1765 1043 1803 factam
1070 1767 1102 1793 in
1125 1777 1194 1793 att-¹

138 1806 260 1835 diencia
275 1807 401 1842 publica
424 1808 578 1835 literarum
594 1806 669 1835 dicti
685 1807 810 1835 Domini
821 1818 901 1843 pape
916 1809 1002 1835 citari
1019 1807 1177 1835 mandauit

138 1849 260 1888 elfecit
283 1848 325 1876 ad
344 1856 453 1877 certum
475 1852 628 1877 terminum
647 1857 850 1885 competentem
872 1849 910 1876 In
925 1860 984 1886 quo
1004 1860 1177 1885 comparens

138 1892 172 1919 ia
193 1889 318 1919 Judicio
339 1901 437 1919 coram
460 1891 557 1919 eodem
580 1892 710 1920 Domino
734 1893 839 1920 Pffrno
856 1891 1007 1920 Auditore
1023 1891 1177 1930 Iklagister

138 1933 346 1962 LAMBERTUS*
364 1942 402 1961 DF:
429 1934 536 1962 ORSOY
568 1941 750 1969 procurator
778 1932 932 1969 predictus
963 1933 1107 1962 dictorum
1139 1955 1147 1962 .
1165 1955 1173 1963 .

138 1974 339 2013 Proconsulis
360 1974 522 2012 Consulum
546 1975 745 2004 Scabinorum
775 1976 973 2012 opidanorum
1003 1983 1029 2004 et
1058 1979 1176 2004 vniuer-

132 2015 235 2053 filatis
257 2018 409 2045 citatorum
426 2024 452 2045 et
469 2029 523 2045 non
541 2021 774 2054 comparencium
792 2020 1003 2047 contumaciam
1017 2018 1175 2056 accusauit

137 2057 277 2097 ipsosque
300 2061 393 2095 peciit
413 2067 595 2088 contumaces
616 2063 750 2096 reputari
772 2061 811 2088 Et
834 2060 927 2089 dictus
948 2061 1096 2090 Dominus
1118 2063 1175 2089 PE-

139 2109 218 2130 τηυξ
233 2101 374 2130 Auditor
387 2102 524 2140 prefatos
547 2123 553 2129 .
567 2123 573 2130 .
594 2102 806 2140 Proconsulem
830 2124 837 2130 .
850 2123 856 2130 .
881 2102 1026 2140 Consules

138 2141 221 2171 binos
244 2164 250 2171 .
267 2164 274 2171 .
301 2144 456 2179 Opidanos
479 2151 505 2172 et
523 2143 757 2182 Vniuersitatem
778 2156 838 2173 non
860 2153 1058 2181 comparentes
1079 2145 1175 2174 debite

138 2191 236 2214 tamen
263 2194 436 2221 expectatos
465 2195 608 2222 reputans
635 2188 735 2225 quoad
762 2195 861 2216 actum,
891 2187 1059 2216 huiusmodi
1083 2195 1175 2224 prout

141 2234 225 2255 erant
246 2230 350 2257 merito
369 2236 551 2257 contumaces
576 2228 660 2266 ipsos
681 2237 707 2258 et
730 2241 826 2258 eorum
849 2229 999 2267 quemlibet
1015 2229 1057 2258 ad
1067 2241 1174 2266 proce-

142 2267 268 2298 ciendum
290 2278 316 2298 et
334 2270 461 2307 procedi
482 2271 645 2300 uidendum
667 2274 698 2300 in
714 2270 807 2312 caus'a
816 2271 877 2310 seu
892 2272 989 2308 causis
1004 2271 1176 2311 huiusmodi

138 2318 229 2346 prout
249 2310 329 2352 esset
350 2315 482 2342 racionis
500 2316 618 2349 primo,
642 2322 669 2342 et
683 2313 820 2354 secundo
832 2314 1034 2351 fimpliciter‚
1058 2325 1094 2343 ac
1115 2322 1174 2343 ter-

142 2354 188 2381 cio
207 2357 403 2390 peremptorie
424 2363 450 2384 et
473 2358 564 2384 eciam
589 2365 694 2394 quarto
718 2359 920 2394 peremptorie
949 2356 1176 2385 exlnttbundanti

143 2393 187 2422 ad
212 2396 360 2425 maliciam
391 2397 626 2427 conuincendam
656 2401 690 2428 in
716 2400 849 2439 prefata
876 2398 1053 2427 Audiencia
1084 2401 1175 2428 citari

142 2436 294 2466 mandauit
316 2447 342 2467 et
355 2440 437 2479 fecit
456 2440 498 2468 ad
518 2448 607 2470 certos
625 2443 764 2470 terminos
783 2444 876 2470 eciam
889 2443 1088 2477 peremptorie
1100 2440 1175 2479 suc-

142 2476 257 2515 cesfiue
283 2491 346 2509 cum
376 2482 490 2510 dierum
518 2483 744 2519 competentibus
778 2485 949 2512 intervallis
977 2484 1019 2512 In
1051 2495 1175 2522 quarum

145 2520 326 2550 Citacionum
337 2523 469 2560 singulis
491 2527 624 2554 terminis
645 2525 815 2555 huiusmodi
832 2528 1022 2563 Comparente
1036 2527 1069 2554 in
1084 2526 1175 2554 Judi-

141 2564 188 2591 cio
216 2573 314 2592 coram
341 2566 439 2595 eodem
466 2566 583 2597 domino
605 2570 711 2597 Ρετιιο
736 2568 889 2597 Auditore
910 2566 1066 2606 Magistro
1088 2570 1175 2596 LAM-

144 2613 247 2634 BERTO
268 2615 307 2635 ΒΕ
323 2607 428 2637 ORsoY
446 2617 644 2644 procuratore
662 2610 801 2647 predicto
825 2611 1026 2648 dictorumque
1047 2631 1055 2639 .
1071 2631 1079 2640 .
1102 2610 1176 2639 Pro-

142 2647 277 2685 consulis
300 2668 308 2677 .
326 2668 334 2676 .
360 2649 522 2689 Consulum
544 2674 551 2682 .
567 2675 575 2682 .
596 2652 793 2682 Scabinorum
820 2652 1028 2689 Opidanorum
1050 2659 1076 2680 et
1095 2652 1176 2681 Vm·-

141 2687 292 2725 uerfitatis
312 2693 466 2721 citatorum
485 2700 511 2720 et
528 2705 588 2723 non
607 2697 841 2732 comparendum
863 2697 1075 2725 contumaciam
1091 2705 1176 2724 accu-

1048 2125 1076 2132 ..
1099 2096 1192 2131 Sca-¹

1218 286 1322 324 fante,
1353 295 1380 316 et
1408 289 1442 317 in
1461 299 1559 317 eorum
1581 289 1790 317 contumaciam
1812 286 1857 316 ad
1872 284 2062 323 probandam
2082 285 2207 326 causam
2229 295 2255 315 et

1216 328 1328 369 causas
1349 329 1516 369 hujusmodi
1527 332 1606 370 j'ore
1628 331 1670 358 ad
1688 331 1854 366 predictam
1876 330 1998 357 Curiam
2020 328 2148 361 legitime
2170 328 2255 357 devo-

1215 373 1293 400 lutas
1313 383 1348 401 ac
1370 374 1545 402 tractandas
1568 381 1594 402 et
1609 372 1769 410 Jt'niendas
1784 374 1814 400 in
1830 371 1931 400 eadem
1945 371 2120 398 Nonnullae
2135 370 2255 399 Literas

1216 417 1396 444 auctenticas
1418 415 1619 453 Instrumenta
1635 414 1763 452 publica
1785 415 1907 452 aliaque
1925 414 2009 441 Jura
2030 419 2057 440 et
2078 414 2256 440 munimenta

1197 458 1198 463 ¹
1217 456 1394 494 exhibente,
1426 458 1520 487 dictus
1549 468 1616 486 vero
1643 457 1779 486 dominus
1799 458 1924 485 Pss'rnus
1946 454 2083 483 Auditor
2100 454 2258 490 predictos

1197 496 1198 502 ¹
1218 501 1330 528 Citatos
1351 511 1407 529 non
1431 508 1630 537 comparentes
1651 498 1745 528 debite
1765 506 1861 527 tamen
1885 504 2056 533 expectatos
2078 499 2110 525 in
2120 495 2257 533 singulis

1216 544 1348 570 terminis
1369 541 1536 571 huiusmodi
1556 549 1699 578 reputans
1720 552 1776 579 quo
1794 540 1837 568 ad
1857 539 1951 568 dictos
1970 546 2051 567 actus
2072 541 2172 567 merito
2187 549 2255 567 con—

1197 595 1198 599 *
1216 591 1342 612 tumaces
1363 586 1456 624 Ipsos
1484 585 1601 622 eosdem
1625 585 1752 622 prefato
1773 583 1866 616 Magi
1882 592 1926 610 tro
1948 582 2126 610 LAMBER'ro
2149 592 2257 616 procu-

1216 634 1315 655 ratore
1336 626 1463 665 instante
1485 627 1528 655 ad
1549 626 1705 655 dicendum
1728 633 1754 652 et
1774 623 1980 661 opponendum
1996 622 2144 660 quidquid
2158 622 2255 651 dicere

1208 670 1272 708 seu
1294 680 1444 705 opponere
1464 670 1573 698 uellent
1595 668 1756 696 verbaliter
1778 674 1829 694 aut
1846 664 2017 705 inscriptis
2033 672 2135 693 contra
2150 664 2256 702 liuius*—

1216 710 1296 738 modi
1315 711 1463 747 producta
1482 714 1514 739 in
1531 712 1661 750 prefata
1675 708 1851 739 Audiencia
1866 710 1955 737 citari
1969 706 2122 735 mandavit
2139 709 2255 746 etfecit

1217 753 1259 781 ad
1277 761 1388 782 certum
1407 755 1639 789 peremptorium
1659 754 1817 780 terminum
1839 756 2042 786 competentem
2058 749 2098 777 In
2114 760 2169 787 quo
2183 760 2256 786 pre-

1207 797 1300 834 fatus
1321 794 1463 833 magister
1485 797 1682 824 LAmu-:RTUS
1700 800 1882 831 procurator
1907 801 2006 821 coram
2035 790 2113 819 dicto
2140 791 2255 820 domiuo

1196 866 1197 874 ἵ
1215 839 1322 866 Pffrno
1338 838 1491 866 Auditore
1512 839 1543 865 in
1558 836 1686 866 Judicio
1709 846 1880 872 comparens
1901 834 2050 862 dictorum
2072 854 2079 860 .
2096 853 2102 860 .
2125 834 2256 862 Procon-

1208 878 1294 919 sulis
1315 900 1323 907 .
1340 903 1346 909 .
1372 879 1536 917 Consulum
1559 901 1567 908 .
1585 900 1594 908 .
1616 878 1817 908 Scabinorum
1845 876 2041 913 opidanorum
2070 882 2097 902 et
2121 875 2256 904 Vniuer-

1207 921 1312 957 sitatis
1336 923 1499 950 (litatorum
1526 933 1588 950 non
1615 923 1843 957 comparentium
1864 919 2078 948 contumaciam
2098 915 2256 956 accusauit

1214 963 1364 1002 Ipsosque
1389 967 1485 1000 peciit
1511 976 1570 1001 per
1599 963 1710 992 dictum
1739 963 1890 992 dominum
1913 962 2047 990 PETRUW
2071 959 2256 988 Auditor-em

1215 1014 1396 1035 contumaces
1423 1008 1562 1042 reputari
1589 1007 1633 1034 Et
1663 1005 1759 1034 dictus
1788 1005 1924 1034 dominus
1945 1000 2085 1031 Auditor
2112 1009 2255 1038 reputans

1214 1051 1318 1077 citatos
1344 1048 1496 1085 predictos
1523 1060 1582 1077 non
1611 1055 1810 1085 comparentes
1840 1047 1936 1076 debite
1957 1051 2054 1072 tamen
2083 1051 2255 1080 expectatos

1214 1102 1270 1129 quo
1302 1090 1344 1119 ad
1373 1099 1468 1120 actum
1495 1089 1672 1128 huiusmodi
1698 1097 1790 1126 prout
1822 1096 1909 1118 erant
1941 1089 2041 1115 merito
2071 1094 2255 1115 contumaces

1214 1133 1326 1161 eosdem
1357 1153 1364 1161 .
1381 1153 1388 1161 .
1416 1133 1631 1173 Proconsulem
1655 1153 1662 1161 .
1681 1153 1688 1161 .
1712 1132 1856 1170 Consules
1879 1152 1886 1159 .
1904 1152 1912 1159 .
1936 1128 2084 1157 scabinos
2112 1127 2256 1164 opidanos

1195 1170 1241 1202 [et
1272 1175 1491 1211 uniuersitatem
1518 1177 1649 1214 prefato
1681 1173 1823 1212 nuteisiro
1856 1181 2028 1202 ιΑὶιΒΕιιΤο
2058 1177 2256 1206 procuratore

1213 1216 1343 1254 instante
1370 1217 1413 1245 ad
1437 1217 1594 1245 videndum
1624 1224 1651 1245 et
1673 1216 1857 1244 audiendum
1880 1215 2096 1250 pronunciari,
2131 1212 2255 1250 causam

1214 1266 1240 1287 et
1271 1257 1382 1297 causas
1410 1258 1581 1287 huiusmodi
1604 1260 1683 1297 fore
1711 1258 1752 1286 ad
1773 1257 1940 1285 Romanam
1966 1255 2086 1282 Curiam
2115 1255 2255 1289 legittime

1214 1300 1368 1329 devolutas
1399 1301 1577 1329 tractandas
1608 1308 1634 1328 et
1656 1299 1818 1337 finiendas
1843 1302 1873 1327 in
1898 1297 2000 1326 eadem
2022 1298 2054 1323 in
2075 1296 2255 1325 Audiencin

1194 1340 1332 1379 ¹publica
1345 1342 1537 1382 supradicta
1560 1345 1650 1371 citari
1671 1342 1828 1370 mandauit
1850 1349 1876 1370 et
1888 1342 1973 1380 fecit
1995 1337 2036 1366 ad
2056 1345 2165 1366 certum
2184 1349 2255 1374 per-

1194 1380 1388 1421 {emptorium
1417 1388 1573 1413 terminum
1601 1392 1805 1420 competentem
1826 1385 1868 1412 In
1897 1393 1954 1421 quo
1985 1380 2102 1418 quidem
2130 1383 2255 1408 termino

1212 1430 1379 1463 comparuit
1402 1430 1433 1455 in
1454 1427 1583 1456 Judicio
1610 1438 1708 1456 coram
1731 1426 1848 1455 domino
1869 1427 1977 1454 PETRO
2000 1421 2158 1451 Auditore
2182 1434 2254 1458 pre·

1194 1470 1291 1502 ¹dicto
1322 1468 1465 1508 magister
1486 1471 1682 1499 LAfflzsswrcs
1705 1479 1744 1498 m:
1769 1469 1876 1498 Osssor
1903 1472 2083 1504 procurator
2102 1464 2256 1500 predictus

1213 1512 1413 1550 dictorumque
1434 1510 1629 1551 Proconsulis
1650 1532 1657 1539 .
1675 1531 1682 1539 .
1706 1510 1868 1548 Consulum
1895 1517 1923 1538 et
1945 1509 2074 1537 aliorum
2095 1509 2254 1535 citatorum

1212 1566 1272 1584 non
1292 1557 1527 1591 comparencium
1546 1556 1757 1582 contumaciam
1773 1551 1932 1590 accusauit
1947 1550 2090 1588 Idemque
2104 1549 2254 1577 Dominus

1212 1599 1338 1626 Pss'rnus
1361 1597 1504 1625 Auditor
1530 1604 1673 1632 reputans
1703 1595 1819 1633 eosdem
1846 1597 1949 1623 citatos
1969 1603 2030 1621 non
2050 1598 2255 1627 comparentes

1212 1639 1279 1667 licet
1307 1650 1398 1677 usque
1427 1638 1470 1667 ad
1495 1637 1598 1666 horam
1628 1638 1757 1666 debitam
1787 1644 1957 1674 expectatos
1985 1645 2043 1673 quo
2072 1632 2116 1662 ad
2141 1632 2254 1662 dictum

1213 1688 1310 1709 actum
1340 1688 1523 1710 contumaces
1543 1679 1634 1720 Ipsos
1664 1691 1760 1709 omnes
1789 1687 1816 1708 et
1837 1679 1978 1716 singulos
2005 1676 2048 1705 ad
2069 1675 2205 1704 dandum
2227 1682 2254 1704 et

1212 1723 1414 1760 recipiendum
1438 1723 1569 1751 libellum
1585 1722 1647 1762 seu
1675 1725 1845 1758 peticionem
1865 1721 2067 1758 smnmariam
2095 1720 2129 1746 in
2157 1717 2253 1755 causa

1211 1764 1385 1803 huiusmodi
1407 1768 1438 1794 in
1460 1765 1541 1794 dicta
1562 1765 1744 1794 Audiencia
1766 1766 1856 1793 citari
1877 1762 2035 1791 mandauit
2058 1768 2085 1789 et
2104 1761 2187 1799 fecit
2211 1759 2254 1788 ad

1211 1816 1318 1837 certum
1347 1807 1520 1845 consuetum
1549 1814 1575 1835 et
1602 1809 1834 1843 peremptorium
1861 1807 2018 1834 terminum
2047 1809 2252 1838 competentem

1192 1851 1347 1890 ;S1'milem
1369 1853 1525 1878 terminum
1548 1849 1590 1878 ad
1610 1849 1686 1877 diem
1709 1857 1735 1878 et
1757 1857 1853 1877 actum
1871 1847 2023 1883 predictos
2038 1846 2165 1884 prefato
2188 1855 2250 1872 nta-

1210 1892 1303 1931 gistro
1318 1895 1493 1921 mefflvro
1511 1894 1707 1927 procuratori
1720 1891 1929 1920 nichilominus
1937 1887 2113 1928 statuendo,
2137 1887 2176 1915 In
2193 1897 2250 1924 quo

1210 1946 1382 1971 comparens
1407 1937 1439 1962 in
1460 1934 1573 1963 iudicio
1595 1945 1693 1963 coram
1716 1933 1814 1962 eodem.
1837 1933 1955 1961 domino
1977 1929 2134 1960 Auditore
2155 1930 2251 1964 magi-

1204 1976 1269 2016 ster
1291 1979 1488 2005 Lfflfflssn'rrs
1514 1984 1695 2012 procurator
1717 1975 1874 2012 predictus
1896 1975 2040 2003 dictorum
2063 1992 2071 2000 .
2087 1992 2094 1999 .
2116 1971 2247 1999 Procon-

1191 2020 1289 2058 ,sulis
1310 2040 1316 2047 .
1336 2040 1342 2047 .
1369 2017 1530 2055 Consulum
1552 2026 1578 2046 et
1603 2020 1730 2047 aliorum
1753 2021 1909 2047 citatorum
1931 2027 1990 2045 non
2013 2014 2248 2049 comparencium

1211 2063 1423 2091 contumaciam
1445 2060 1601 2099 accusavit
1618 2060 1766 2099 Ipsosque
1781 2063 1871 2097 petiit
1888 2071 1947 2096 per
1968 2058 2079 2086 dictum
2102 2055 2249 2083 dominum

1209 2104 1389 2133 Auditorem
1418 2111 1600 2132 contumaces
1626 2105 1765 2139 reputari
1793 2110 1819 2131 et
1849 2104 1883 2130 in
1912 2111 2011 2130 eorum
2032 2099 2249 2127 contumaciam

1209 2147 1356 2185 quendam
1379 2146 1513 2174 libellum
1522 2145 1584 2182 scu
1594 2148 1770 2181 peticionem
1779 2144 1977 2185 summat-iam
1992 2144 2023 2170 in
2038 2138 2134 2179 causa
2149 2138 2249 2166 huius-

1209 2190 1287 2218 modi
1310 2199 1369 2225 pro
1396 2196 1485 2224 parte
1500 2188 1565 2228 sua
1588 2187 1723 2216 exhibuit
1739 2187 1802 2225 sub
1821 2186 1877 2215 lzac
1889 2187 2000 2225 forma
2021 2184 2132 2211 Coram
2151 2180 2249 2209 ysohis

1212 2231 1395 2260 Venerabili
1417 2231 1497 2259 Viro
1520 2230 1647 2259 Domino
1666 2232 1772 2258 Pu'ruo
1790 2239 1829 2258 DE
1846 2230 2035 2257 SORCENAco
2051 2225 2166 2259 Legum
2181 2223 2247 2251 Do-

1210 2282 1288 2303 ctore
1306 2273 1420 2302 domini
1441 2271 1535 2310 nostri
1556 2284 1636 2309 pape
1660 2272 1841 2308 Cappellano
1864 2277 1890 2298 et
1912 2268 2007 2306 ipsius
2021 2266 2112 2305 sacri
2128 2266 2248 2302 palacii

1208 2315 1369 2356 causarum
1398 2322 1425 2343 et
1456 2316 1550 2354 cause
1580 2326 1615 2344 ac
1640 2314 1780 2351 precibus
1809 2314 1898 2352 infra
1921 2311 2055 2349 scriptis
2083 2307 2120 2336 ab
2149 2306 2247 2335 eodem

1209 2359 1328 2387 domino
1351 2356 1450 2396 nostro
1467 2368 1553 2393 papa
1572 2357 1728 2386 Auditore
1742 2355 1924 2393 specialiter
1946 2353 2083 2388 deputato
2101 2351 2246 2386 proponit

1206 2408 1387 2438 procurator
1409 2407 1434 2428 et
1454 2402 1571 2427 nomine
1587 2401 1796 2435 procuratorio
1816 2394 2042 2425 Venerabilium
2064 2400 2090 2421 et
2112 2392 2246 2428 Religio-

1203 2442 1309 2484 sorum
1337 2442 1485 2470 Virorum
1513 2441 1696 2470 dominorum
1725 2444 1930 2469 GOTSCHALCI
1953 2435 2086 2466 Abbatis
2114 2441 2141 2462 et
2170 2434 2245 2462 Con-

1209 2493 1313 2514 uentus
1328 2483 1514 2523 Monasterii
1528 2482 1720 2520 Pigauiensls
1735 2482 1851 2510 ordinis
1866 2478 1971 2519 sancti
1984 2476 2143 2507 Benedicti
2156 2475 2244 2504 Mer-

1203 2527 1398 2566 seburgenlis
1421 2526 1546 2563 diocesis
1567 2526 1610 2554 ad
1625 2525 1733 2566 sedem
1755 2522 1949 2560 apqfiolicam
1967 2522 2053 2549 nullo
2068 2518 2163 2548 medio
2177 2528 2247 2553 per-

1210 2573 1330 2599 tinentis
1345 2570 1388 2597 Et
1404 2569 1477 2597 dicit
1497 2568 1575 2606 quod
1595 2569 1663 2597 licet
1685 2565 1755 2604 ipse
1769 2564 1875 2593 Abbas
1897 2571 1924 2592 et
1939 2562 1996 2601 sui
2012 2559 2245 2607 predecessores

1202 2611 1350 2652 fuissent
1372 2623 1391 2640 a
1412 2618 1494 2639 tanto
1522 2618 1648 2647 tempore
1678 2617 1704 2637 et
1727 2619 1786 2644 per
1815 2614 1930 2635 tantum
1960 2613 2071 2642 tempus
2099 2603 2135 2631 de
2163 2612 2247 2640 cujus

1192 2684 1193 2689 ,
1210 2657 1360 2685 contrario
1383 2655 1524 2682 memoria
1545 2652 1693 2680 bominum
1715 2662 1772 2680 non
1793 2647 1899 2686 exiliit
1917 2651 2011 2678 eciam
2034 2647 2070 2675 de
2090 2643 2245 2690 consuetu.-

1190 2698 1283 2741 jdine
1300 2694 1474 2737 prescripta
1497 2702 1523 2723 et
1550 2692 1731 2734 inconcusse
1759 2691 1923 2730 obseruata
1950 2693 1983 2719 in
2010 2689 2142 2727 pacifica
2170 2684 2244 2723 pos—

1802 2734 1841 2764 31.
1861 2735 1874 2748 *
