2482 3068
1211 162 1258 193 VI

307 265 353 295 Ac
380 264 512 301 primum
537 263 663 301 quidem
687 261 812 292 codices
839 260 1052 290 bibliothecae
1081 265 1209 292 nostrae
1238 261 1440 293 describendi
1471 263 1633 303 negotium
1665 259 1822 300 quomodo
1847 261 2088 300 exsequendum
2113 273 2183 293 esse
2207 267 2299 302 puta-

181 318 299 353 verim,
338 325 408 344 cum
433 325 476 343 ex
499 315 567 351 ipso
591 312 736 353 catalogo
768 315 873 350 patet,
909 315 975 341 tum
999 311 1032 340 in
1056 311 1245 350 prodromo,
1285 323 1378 350 quem
1400 314 1564 351 superiore
1587 321 1670 341 anno
1700 313 1810 350 emisi,
1850 322 1921 342 cum
1943 311 2095 342 litteratis
2119 311 2301 343 hominibus

181 368 310 397 iamiam
335 365 601 394 conuuuuicatum
632 367 690 392 est.
749 361 900 391 Attamen
932 371 1012 399 quae
1041 365 1109 391 tum
1139 364 1252 400 scripsi
1282 363 1321 392 de
1352 364 1405 392 via
1433 367 1466 393 et
1493 363 1637 400 ratione,
1679 371 1741 400 qua
1769 362 1926 392 eiusmodi
1955 361 2038 392 liber
2066 363 2302 401 componendus

181 417 359 452 videretur,
384 413 554 451 repetenda
575 413 634 443 hoc
653 413 724 444 loco
743 413 863 443 censui.
907 410 1008 440 Erant
1029 415 1135 441 autem
1156 411 1251 443 haec:
1276 412 1462 451 „Codicum
1482 411 1762 442 describendorum
1779 412 1941 451 negotium
1960 412 2000 441 ad
2017 413 2080 442 tria
2100 414 2301 451 potissimum

181 468 285 505 capita
310 464 413 494 redire
438 462 515 492 mibi
539 465 641 493 visum
666 467 724 493 est.
782 461 1004 492 Euarrandum
1028 463 1112 491 enim
1136 466 1184 493 est
1207 464 1361 501 primum,
1400 473 1480 501 quae
1509 463 1551 492 sit
1578 465 1733 500 externa,
1771 465 1858 500 tum,
1897 473 1977 500 quae
2003 463 2128 492 interna
2151 464 2303 501 cuiusque

180 517 299 547 codicis
324 514 464 544 conditio
489 518 518 543 et
543 515 662 548 virtus3
701 513 838 550 denique
863 522 1030 550 quemnam
1061 511 1163 542 adhuc
1187 512 1261 542 Viri
1292 512 1388 543 Docti
1420 514 1488 543 eius
1520 513 1656 543 fecerint
1684 522 1776 541 usum
1807 515 1838 541 et
1862 522 1941 550 quae
1967 512 2085 542 iudicia
2109 512 2207 542 iidem
2231 523 2302 543 cum

180 568 219 597 de
251 571 386 596 externa
417 569 482 593 tum
513 564 551 593 de
581 565 705 593 iuterna
735 564 803 593 eius
833 562 1016 592 conditione
1047 561 1189 592 tulerint.
1248 562 1294 593 Ac
1330 564 1463 602 primam
1495 563 1622 602 quidem
1653 563 1758 600 operis
1787 562 1880 592 istius
1910 566 2032 600 partem
2062 563 2145 601 quod
2176 564 2303 601 attinet,

180 619 319 648 indicavi
342 615 590 652 uniuscuiusque
615 614 734 643 codicis
758 617 914 650 aetatem,
941 613 1107 642 materiam
1134 611 1293 653 [chartam
1317 615 1366 642 vel
1392 611 1646 654 membranam],
1672 612 1863 653 ligaturam,
1888 612 1915 641 si
1939 623 2000 650 qua
2020 616 2105 643 esset
2126 617 2305 643 memoratu

180 669 292 708 digna,
332 665 483 695 foliorum
516 664 613 705 {quae
647 674 717 693 eam
746 665 777 693 in
808 673 875 692 rem
907 664 939 692 in
969 661 1132 692 codicibus
1163 673 1366 693 numerorum
1398 664 1497 703 signis
1529 663 1669 693 notanda
1698 661 1843 704 curavi]‚
1881 663 2076 700 picturarum
2106 662 2242 702 denique
2274 667 2306 693 et

180 719 377 759 egregiarum
401 715 579 745 litterarum
605 713 777 744 initialium
801 723 978 742 recensum.
1023 711 1090 742 Nec
1114 714 1208 742 omisi
1233 713 1506 751 animadvertere,
1536 713 1641 743 codex
1666 712 1776 742 eadem
1800 723 1896 742 manu
1921 723 1961 742 an
1984 711 2128 751 pluribus
2151 717 2305 744 exaratus

180 769 351 798 videretur.
402 765 438 795 ln
462 764 678 795 miscellaneis
707 763 870 793 codicibus
892 762 1097 793 recensendis
1122 762 1202 793 folia
1226 763 1385 802 indicavi,
1418 763 1530 802 quibus
1555 762 1682 803 singula
1709 764 1827 802 scripta
1857 763 2080 801 continentur,
2109 767 2162 802 ut,
2193 764 2245 802 qui
2270 764 2304 793 in

181 824 341 858 posterum
365 815 528 845 codicibus
551 819 697 853 utentur,
723 813 812 844 sacili
834 809 980 855 negotio,
1005 824 1066 852 quo
1089 814 1226 852 quidque
1246 813 1318 844 loco
1339 813 1474 854 legatur,
1499 815 1644 844 iuvenire
1662 814 1795 852 possint.
1819 831 1859 834 —
1889 811 2037 843 Internae
2060 824 2136 843 vero
2159 813 2305 844 codicum

181 868 297 900 indolis
322 866 528 904 descriptioni
555 867 599 895 ita
625 876 754 904 operam
780 865 914 902 navavi,
938 868 974 894 ut
995 864 1132 902 primum
1155 863 1304 902 titulum,
1329 869 1361 895 et
1383 864 1566 904 vulgarem,
1592 868 1623 894 et
1646 874 1737 902 eum,
1764 864 1816 901 qui
1839 864 1872 893 in
1896 863 2006 893 codice
2030 862 2163 903 legitur,
2189 873 2306 902 propo-

180 928 304 952 nere1u3
336 916 450 946 deiude
472 918 599 947 initium
623 921 655 946 et
678 915 774 945 finem
800 913 997 954 singulorum
1021 913 1175 944 librorum
1199 919 1347 945 accurate
1372 919 1527 944 notarem.
1578 915 1613 944 si
1639 925 1718 953 quae
1746 912 2061 952 deprehenderentur
2084 914 2117 943 in
2142 913 2306 944 codicibus

179 974 274 1000 notae
298 967 509 1007 marginales,
534 966 775 1004 interlineares,
799 969 854 995 aut
877 963 1018 1002 scholia,
1042 968 1190 994 accurate
1213 976 1322 995 eorum
1344 966 1472 995 initium
1496 969 1528 995 et
1551 964 1649 994 finem
1669 965 1828 1002 exscripsi
1847 969 1896 1002 et,
1919 975 1990 994 cum
2011 963 2106 994 editis
2124 965 2308 1003 conspirent

181 1031 299 1057 necue,
329 1019 448 1047 notavi.
500 1017 579 1047 Eam
605 1019 637 1047 in
659 1028 726 1047 rem
751 1017 848 1046 etiam
872 1014 1072 1054 exemplaria
1101 1015 1187 1053 typis
1215 1014 1376 1053 descripta
1405 1014 1570 1052 consului,
1611 1018 1667 1052 ut,
1704 1025 1779 1044 num
1805 1013 1880 1052 quid
1904 1015 1979 1044 novi
2009 1018 2041 1044 et
2062 1014 2177 1044 inediti
2201 1014 2306 1044 codex

180 1071 378 1110 suppeditet,
411 1067 620 1106 interpolatus
643 1069 701 1105 sit,
732 1065 903 1106 prologos,
936 1065 1152 1103 praefationes
1175 1069 1207 1095 et
1229 1065 1294 1094 alia
1318 1065 1350 1094 id
1372 1076 1471 1105 genus
1495 1065 1675 1102 contineat,
1713 1069 1744 1095 et
1774 1075 1929 1103 quaenam
1961 1065 2003 1094 sit
2032 1068 2143 1094 textus
2176 1064 2306 1102 divisio,

181 1123 321 1152 iudicare
346 1130 481 1157 possem.
533 1118 713 1147 Maximam
736 1118 769 1145 in
793 1127 829 1145 ea
852 1127 887 1145 re
910 1116 1091 1144 cautionem
1115 1117 1147 1143 et
1170 1114 1369 1154 diligentiam
1393 1113 1607 1143 adhibendam
1632 1124 1701 1143 esse
1724 1114 1805 1142 duxi
1834 1115 1961 1150 scriptis
1985 1115 2084 1144 medii
2107 1116 2178 1144 aevi
2204 1113 2306 1144 histo-

180 1174 274 1209 ricis,
303 1171 337 1200 in
361 1167 474 1207 quibus
499 1167 672 1197 notandum
695 1165 880 1204 videbatur,
913 1175 987 1194 num
1010 1163 1094 1193 liber
1115 1165 1295 1194 recentiore
1319 1163 1560 1193 continuatione
1583 1164 1738 1202 novisque
1762 1162 1992 1201 supplementis
2015 1167 2126 1194 auctus
2149 1168 2251 1202 esset,
2276 1167 2309 1194 et

183 1223 222 1253 ad
247 1230 416 1261 quemnam
440 1230 540 1256 usque
566 1228 683 1247 annum
718 1215 775 1245 illa
804 1217 1010 1254 pertinerent.
1047 1231 1088 1235 —-
1133 1213 1299 1253 Denique,
1337 1215 1407 1253 quis
1430 1212 1532 1243 adhuc
1557 1214 1599 1243 sit
1621 1214 1871 1251 uniuscuiusque
1895 1212 2015 1242 codicis
2037 1224 2113 1244 usus
2137 1213 2260 1252 factus,
2290 1224 2309 1243 a

181 1282 317 1313 quonam
341 1271 410 1300 viro
437 1269 529 1298 docto
552 1269 756 1298 examinatus
784 1267 843 1304 sit,
883 1269 915 1295 et
942 1264 998 1294 ubi
1028 1265 1097 1294 eius
1128 1275 1263 1295 censura
1294 1263 1437 1305 legatur,
1472 1268 1624 1301 quantum
1647 1264 1737 1302 potui
1762 1263 1912 1293 indicavi.
1939 1281 1980 1285 —
2018 1263 2189 1294 Praeterea
2212 1274 2308 1302 quae-

182 1333 314 1361 cumque
338 1319 418 1350 mihi
442 1319 480 1349 de
504 1319 579 1349 fatis
604 1317 801 1358 singulorum
825 1315 969 1346 codicum
994 1316 1218 1353 innotuerunt,
1259 1326 1290 1344 v.
1316 1326 1342 1344 c.
1374 1316 1406 1344 in
1438 1313 1550 1352 quibus
1580 1313 1631 1344 illi
1659 1313 1863 1344 bibliothecis
1892 1312 1969 1343 olim
1998 1315 2155 1344 asservati
2178 1314 2308 1352 fuerint,

182 1385 252 1404 cum
281 1369 455 1401 lectoribus
486 1369 761 1399 connuunicavi.“
790 1384 831 1388 —
872 1364 1015 1403 Apparet
1045 1365 1160 1404 igitur,
1200 1376 1250 1395 me
1282 1364 1362 1394 hanc
1394 1365 1460 1394 fere
1492 1365 1577 1394 viam
1609 1368 1776 1402 sequutum
1802 1374 1891 1402 esse,
1929 1374 2021 1402 quam
2045 1363 2188 1395 Ebertus
2219 1363 2311 1406 [Zur

184 1420 569 1458 Handsclzriftenknude‚
601 1429 671 1458 pag.
700 1420 770 1447 200.
797 1414 889 1456 sqq.]
918 1416 950 1444 in
976 1414 1122 1455 catalogo
1146 1414 1243 1446 MSS.
1271 1414 1471 1445 conficiendo
1496 1414 1669 1444 ineundam
1694 1425 1763 1444 esse
1788 1415 1922 1444 censuit.
1953 1433 1990 1437 -
2033 1414 2203 1445 Caeterum
2227 1415 2310 1453 quod

184 1484 296 1504 censor
319 1472 413 1510 primi
435 1469 580 1499 fasciculi
602 1468 694 1498 huius
715 1467 789 1497 libri
816 1465 865 1507 [in
881 1465 1147 1504 Ephemeridibus
1166 1465 1375 1504 Halensibus,
1402 1467 1494 1495 1338.
1520 1476 1605 1495 num.
1624 1468 1674 1496 93.
1700 1475 1771 1505 pag.
1791 1462 1879 1505 139]
1904 1466 2038 1503 optavit,
2061 1469 2097 1495 ut
2116 1465 2154 1494 de
2175 1464 2310 1495 historia

185 1523 287 1554 Codd.
313 1525 494 1551 nostrorum
526 1524 557 1550 et
580 1520 689 1557 quanti
712 1529 730 1547 a
755 1516 929 1547 maioribus
953 1517 1070 1546 nostris
1095 1517 1171 1546 emti
1194 1516 1332 1554 fuerint,
1370 1516 1403 1545 in
1428 1514 1487 1545 hac
1512 1516 1582 1554 ipsa
1604 1515 1805 1554 praefatione
1828 1519 2068 1553 exponeretur,
2107 1515 2140 1545 id
2162 1516 2310 1554 equidem

184 1573 391 1605 vehementer
415 1570 508 1600 doleo
538 1569 611 1600 fieri
639 1579 701 1598 uon
728 1569 881 1607 potuisse.
940 1565 1023 1597 Nam
1048 1577 1127 1605 quae
1156 1566 1194 1596 de
1225 1566 1408 1596 huiusmodi
1438 1565 1533 1595 rebus
1565 1567 1715 1604 exposita
1743 1570 1817 1596 suut
1846 1576 1865 1595 a
1899 1564 2091 1602 Goelefroe'do
2123 1564 2311 1596 Christiano

188 1625 345 1659 Goetzm,
381 1620 430 1662 {in
454 1624 706 1661 programmate,
738 1629 798 1657 quo
822 1615 1051 1647 bibliothecam
1075 1620 1216 1647 nostram
1243 1616 1345 1647 bonae
1368 1619 1469 1646 menti
1490 1615 1702 1646 dedicandam
1725 1620 1823 1656 alque
1846 1615 2056 1657 aperiendam
2071 1615 2155 1652 fore
2177 1616 2310 1654 indixit,

185 1675 274 1713 Lips.
302 1675 392 1703 1711.
418 1674 459 1701 40
478 1681 568 1711 pagg.
592 1669 647 1711 4.]
681 1679 718 1699 ea
742 1679 798 1697 suo
822 1668 892 1697 loco
916 1668 978 1705 ipsi
1005 1666 1150 1697 codicum
1175 1666 1383 1705 descriptioni
1414 1666 1635 1696 interserenda
1666 1667 1786 1696 curavi.
1837 1665 1970 1695 Praeter
2000 1665 2172 1696 Goetzlum
2203 1671 2310 1697 autem

187 1724 292 1756 nullus
317 1723 383 1753 fere
409 1720 488 1750 mihi
521 1731 628 1750 earum
660 1729 765 1749 rerum
795 1723 905 1748 auctor
932 1718 1003 1748 fuit.
1056 1716 1139 1747 Nam
1162 1718 1195 1747 in
1221 1716 1416 1747 bibliotheca
1441 1720 1550 1746 nostra
1573 1727 1636 1746 non
1660 1720 1792 1746 exstant
1815 1717 2063 1753 commentaria,
2096 1726 2228 1754 quorum
2252 1727 2312 1755 ope

188 1776 225 1806 de
250 1774 324 1804 fatis
351 1771 547 1811 singulorum
572 1770 715 1800 codicum
740 1773 772 1798 et
791 1779 851 1807 qua
869 1769 995 1798 ratione
1014 1767 1167 1806 quibusve
1188 1767 1425 1797 conditionibus
1449 1766 1526 1796 olim
1551 1767 1700 1805 acquisiti
1721 1766 1858 1803 fuerint,
1882 1765 2019 1795 lectores
2036 1767 2188 1796 certiores
2206 1766 2312 1797 facere

190 1834 362 1864 possemus.
414 1822 533 1852 Exstat
556 1820 683 1860 quidem
706 1818 855 1857 libellus,
889 1820 941 1857 qui
967 1817 1019 1860 [ut
1040 1817 1146 1848 verbis
1168 1821 1239 1848 utar
1263 1818 1296 1847 in
1319 1818 1418 1855 priori
1442 1817 1511 1846 eius
1534 1815 1684 1855 operculo
1710 1814 1907 1857 conspicuis]
1940 1815 2063 1845 dicatus
2086 1818 2135 1845 est
2157 1819 2314 1847 aeternae

188 1877 358 1905 memoriae
378 1875 526 1908 istorum,
553 1873 610 1912 qni
626 1870 669 1900 acl
686 1869 910 1900 bibliothecam
928 1869 1118 1909 ampliss-dmi
1137 1865 1279 1898 Senatus
1298 1867 1484 1907 Lipsiensis
1505 1866 1687 1907 aagendam
1711 1865 1927 1896 ornandamue
1949 1865 2075 1905 aliquid
2097 1866 2312 1898 contulerunt.

190 1925 243 1955 Ex
272 1923 329 1954 illo
361 1933 576 1961 quaecumque
607 1931 713 1950 meum
744 1921 777 1950 in
806 1931 898 1950 usum
930 1923 1116 1949 convertere
1146 1922 1306 1956 poteram,
1344 1916 1516 1957 diligenter
1546 1918 1700 1947 converti.
1760 1916 1823 1946 Sed
1854 1926 1934 1954 quae
1964 1915 2009 1945 ibi
2040 1914 2208 1956 leguntur,
2241 1928 2313 1948 curn

192 1975 361 2007 admodam
392 1984 505 2003 manca
533 1976 624 2009 sunt,
661 1974 729 2001 tum
758 1971 939 2000 recentiora
970 1974 1114 2007 tempora
1144 1979 1208 1998 non
1240 1972 1385 2008 tangunt.
1444 1966 1554 2006 [taque
1585 1966 1667 1997 nihil
1695 1966 1774 1996 mihi
1798 1965 1956 2004 reliquum
1980 1969 2065 2003 erat,
2098 1977 2191 2004 quam
2214 1966 2314 1997 libros

191 2027 276 2067 typis
301 2025 495 2062 descriptos,
527 2023 581 2061 qui
604 2022 642 2051 de
666 2020 732 2051 illis
756 2019 873 2050 litteris
898 2023 1012 2061 agunt,
1046 2018 1087 2049 ad
1111 2029 1186 2057 quas
1211 2017 1330 2058 singuli
1354 2017 1479 2047 codices
1502 2019 1681 2056 pertinent,
1717 2018 1904 2047 examinare
1927 2020 1959 2047 et
1980 2017 2110 2055 videre,
2142 2027 2216 2047 num
2241 2017 2316 2056 quid

192 2076 242 2107 illi
266 2075 515 2115 suppeditarent.
565 2072 601 2102 In
625 2083 686 2110 quo
708 2071 818 2102 labore
842 2070 1070 2101 molestissimo
1095 2072 1247 2107 quantum
1272 2069 1425 2106 temporis
1454 2068 1614 2098 incassum
1645 2078 1739 2105 saepe
1768 2068 1992 2105 contriverim,
2025 2067 2058 2097 id
2080 2077 2157 2097 vero
2180 2078 2244 2097 non
2268 2072 2317 2098 est

194 2127 277 2166 quod
306 2125 415 2156 multis
444 2123 551 2153 verbis
582 2133 754 2160 exponam.
808 2121 978 2152 Caeterum
1010 2120 1094 2150 infra
1124 2119 1162 2149 de
1194 2118 1431 2157 possessoribus
1461 2122 1493 2148 ct
1521 2117 1728 2148 donatoribus
1753 2117 1897 2147 codicum
1929 2116 2031 2159 [certe
2057 2117 2315 2157 occidentalium,

196 2187 267 2207 nam
291 2176 329 2206 de
352 2173 561 2205 orientalibus
584 2174 777 2212 paucissima
799 2177 923 2203 tantum
946 2170 1048 2200 habeo
1073 2168 1208 2211 dicere,]
1234 2180 1290 2207 ea,
1323 2180 1403 2207 quae
1426 2170 1460 2198 in
1484 2169 1631 2198 notitiam
1654 2178 1757 2198 meam
1779 2172 1954 2206 venerunt,
1978 2172 2139 2207 tamquam
2158 2169 2191 2198 in
2207 2167 2317 2199 tabula

196 2238 266 2257 cum
289 2225 462 2256 lectoribus
486 2223 737 2255 communicabo.

323 2275 358 2306 ln
380 2274 497 2305 tabulis
522 2274 765 2315 lithographicis
788 2274 828 2304 ad
852 2272 970 2302 calcem
995 2271 1070 2302 libri
1092 2271 1226 2301 adiectis
1249 2281 1312 2300 non
1335 2273 1458 2300 tantum
1484 2270 1658 2308 specimina
1681 2268 1826 2298 codicum
1845 2270 2008 2308 proposita
2031 2273 2123 2306 sunt,
2147 2268 2203 2298 sed
2219 2269 2315 2299 etiam

200 2330 289 2367 signa
313 2326 524 2362 fabricarum,
547 2325 601 2355 ubi
625 2324 734 2355 charta
758 2325 842 2354 facta
861 2328 927 2361 est,
952 2333 994 2352 ex
1020 2324 1058 2352 iis
1083 2321 1247 2352 codicibus
1271 2331 1353 2350 saec.
1379 2319 1493 2360 (xlv.
1519 2320 1569 2359 et)
1595 2319 1674 2349 XV.
1701 2319 1883 2357 depromta,
1908 2321 1960 2358 qui
1983 2329 2067 2348 anno
2091 2319 2316 2359 signati'sunt.

199 2376 265 2408 Nec
290 2377 393 2412 enim,
423 2386 517 2413 quum
539 2374 637 2405 semel
661 2375 786 2404 codices
810 2378 935 2404 nostros
959 2372 1204 2412 perlustrarem,
1233 2371 1548 2410 praetermittemlam
1573 2371 1681 2400 censui
1704 2371 1924 2408 occasionem,
1953 2373 2037 2399 certe
2063 2368 2197 2407 paucula
2221 2380 2318 2408 quae-

200 2428 272 2457 dam
296 2425 441 2466 symbola
464 2425 503 2455 ad
525 2427 736 2463 antiquiorem
759 2424 926 2454 historiam
951 2423 1171 2454 fabricationis
1193 2422 1322 2452 chartae
1347 2421 1524 2461 augendam
1547 2419 1730 2460 colligendi.
1783 2419 1851 2450 Nec
1876 2419 2019 2449 dubitavi
2042 2418 2100 2448 illa
2127 2420 2218 2460 signa
2247 2431 2317 2451 cum

202 2476 373 2507 lectoribus
397 2477 648 2513 communicare,
689 2486 876 2514 quamquam
901 2486 954 2512 ea,
999 2485 1077 2513 quae
1107 2483 1150 2503 ex
1178 2472 1340 2502 codicibus
1370 2483 1453 2501 anuo
1484 2472 1616 2511 signatis
1646 2470 1811 2508 depromta
1841 2474 1932 2507 sunt,
1972 2469 2066 2499 modo
2091 2469 2131 2499 ad
2155 2469 2317 2501 saeculum

204 2526 408 2557 millesimum
431 2529 574 2566 quintum
597 2528 774 2564 pertinent;
813 2535 997 2563 persuasum
1022 2525 1107 2554 euim
1130 2522 1209 2553 mihi
1234 2523 1312 2559 fuit,
1346 2521 1529 2552 huiusmodi
1552 2522 1648 2550 etiam
1672 2521 1805 2550 minoris
1835 2521 1930 2559 pretii
1959 2519 2106 2559 symbola
2134 2519 2174 2550 ab
2206 2519 2318 2551 harum

204 2578 380 2608 litterarum
406 2575 599 2606 amatoribus
624 2578 730 2614 sperni
754 2586 810 2605 nec
835 2575 939 2605 solere
964 2585 1021 2604 nec
1046 2574 1171 2603 debere.
1228 2571 1385 2602 Exhibita
1415 2577 1520 2602 autem
1551 2575 1624 2600 sunt
1652 2570 1730 2600 haec
1759 2572 1849 2610 signa
1880 2571 1913 2600 in
1944 2568 2053 2600 tabula
2086 2569 2320 2610 lithographica

204 2627 264 2657 IX.
290 2625 514 2665 chronologico
540 2626 650 2656 ordine
675 2626 839 2664 disposita.
882 2625 944 2655 Sed
969 2635 1063 2663 quum
1087 2625 1254 2654 imminuta
1278 2622 1323 2652 ibi
1346 2622 1522 2652 habeantur
1547 2619 1667 2662 [spatio
1691 2621 1776 2650 enim
1799 2620 1991 2659 parcendum
2016 2618 2121 2661 erat]‚
2153 2619 2213 2650 hoc
2236 2620 2320 2658 loco,

205 2687 284 2716 quae
308 2686 382 2706 vera
406 2677 447 2706 sit
471 2687 579 2706 corum
604 2676 805 2717 magnitudo,
838 2675 1062 2713 exponendum
1087 2684 1220 2711 censeo,
1249 2673 1366 2703 additis
1392 2675 1488 2703 etiam
1511 2673 1568 2709 iis,
1601 2682 1680 2709 quae
1699 2681 1800 2709 pauca
1824 2670 1862 2701 de
1885 2670 2062 2701 rationibus
2084 2681 2193 2701 eorum
2217 2669 2320 2701 habeo

206 2727 322 2757 dicere.

2470 2647 2482 2947 q—›ae-——-
