<?xml version="1.0" encoding="UTF-8"?>
<!DOCTYPE html PUBLIC "-//W3C//DTD XHTML 1.0 Transitional//EN"
    "http://www.w3.org/TR/xhtml1/DTD/xhtml1-transitional.dtd">
<html xmlns="http://www.w3.org/1999/xhtml" xml:lang="en" lang="en">
 <head>
  <title>
</title>
<meta http-equiv="Content-Type" content="text/html;charset=utf-8" />
  <meta name='ocr-system' content='tesseract 3.04.00' />
  <meta name='ocr-capabilities' content='ocr_page ocr_carea ocr_par ocr_line ocrx_word'/>
</head>
<body>
  <div class='ocr_page' id='page_1' title='image "./cataloguslibroru00leipuoft_0269.png"; bbox 0 0 2482 3068; ppageno 0'>
   <div class='ocr_carea' id='block_1_1' title="bbox 1069 159 1163 204">
    <p class='ocr_par' dir='ltr' id='par_1_1' title="bbox 1069 159 1163 204">
     <span class='ocr_line' id='line_1_1' title="bbox 1069 159 1163 204; baseline -0.021 0"><span class='ocrx_word' id='word_1_1' title='bbox 1069 159 1163 204; x_wconf 76' lang='lat'><strong><em>241</em></strong></span> 
     </span>
    </p>
   </div>
   <div class='ocr_carea' id='block_1_2' title="bbox 55 283 1104 2302">
    <p class='ocr_par' dir='ltr' id='par_1_2' title="bbox 55 283 1104 2302">
     <span class='ocr_line' id='line_1_2' title="bbox 152 283 1103 321; baseline -0.001 -6"><span class='ocrx_word' id='word_1_2' title='bbox 152 285 195 315; x_wconf 79' lang='lat' dir='ltr'><strong><em>In</em></strong></span> <span class='ocrx_word' id='word_1_3' title='bbox 217 285 332 315; x_wconf 76' lang='lat' dir='ltr'><strong><em>nomino</em></strong></span> <span class='ocrx_word' id='word_1_4' title='bbox 346 284 472 313; x_wconf 84' lang='lat' dir='ltr'><strong><em>Domini</em></strong></span> <span class='ocrx_word' id='word_1_5' title='bbox 485 283 586 314; x_wconf 78' lang='lat' dir='ltr'><strong><em>Amen</em></strong></span> <span class='ocrx_word' id='word_1_6' title='bbox 607 306 615 314; x_wconf 92' lang='lat'><em>.</em></span> <span class='ocrx_word' id='word_1_7' title='bbox 638 285 703 314; x_wconf 84' lang='lat' dir='ltr'><strong><em>Nos</em></strong></span> <span class='ocrx_word' id='word_1_8' title='bbox 724 287 899 315; x_wconf 70' lang='lat' dir='ltr'><strong><em>Cuxnmms</em></strong></span> <span class='ocrx_word' id='word_1_9' title='bbox 919 283 982 313; x_wconf 81' lang='lat' dir='ltr'><strong><em>Dei</em></strong></span> <span class='ocrx_word' id='word_1_10' title='bbox 999 286 1103 321; x_wconf 76' lang='lat' dir='ltr'><strong><em>gratia</em></strong></span> 
     </span>
     <span class='ocr_line' id='line_1_3' title="bbox 67 327 1102 366; baseline -0.003 -8"><span class='ocrx_word' id='word_1_11' title='bbox 67 327 174 359; x_wconf 80' lang='lat' dir='ltr'><strong><em>Abbas</em></strong></span> <span class='ocrx_word' id='word_1_12' title='bbox 197 350 204 358; x_wconf 93' lang='lat'><strong>.</strong></span> <span class='ocrx_word' id='word_1_13' title='bbox 228 329 447 356; x_wconf 65' lang='lat' dir='ltr'><strong><em>annlxmcus</em></strong></span> <span class='ocrx_word' id='word_1_14' title='bbox 465 330 553 363; x_wconf 84' lang='lat' dir='ltr'><strong><em>prior</em></strong></span> <span class='ocrx_word' id='word_1_15' title='bbox 586 348 593 358; x_wconf 81' lang='lat'><em>.</em></span> <span class='ocrx_word' id='word_1_16' title='bbox 630 329 777 366; x_wconf 73' lang='lat' dir='ltr'><strong><em>Totusque</em></strong></span> <span class='ocrx_word' id='word_1_17' title='bbox 801 329 967 357; x_wconf 75' lang='lat' dir='ltr'><strong><em>Gonuemus</em></strong></span> <span class='ocrx_word' id='word_1_18' title='bbox 987 328 1102 356; x_wconf 52' lang='lat' dir='ltr'><strong><em>iiluna-</em></strong></span> 
     </span>
     <span class='ocr_line' id='line_1_4' title="bbox 62 369 1102 409; baseline -0.002 -10"><span class='ocrx_word' id='word_1_19' title='bbox 62 369 154 409; x_wconf 76' lang='lat' dir='ltr'><strong><em>sterii</em></strong></span> <span class='ocrx_word' id='word_1_20' title='bbox 169 371 387 398; x_wconf 58' lang='lat' dir='ltr'><strong><em>Pmaumssm</em></strong></span> <span class='ocrx_word' id='word_1_21' title='bbox 412 389 419 397; x_wconf 89' lang='lat'><strong>.</strong></span> <span class='ocrx_word' id='word_1_22' title='bbox 441 370 500 398; x_wconf 83' lang='lat' dir='ltr'><strong><em>Ad</em></strong></span> <span class='ocrx_word' id='word_1_23' title='bbox 512 369 650 398; x_wconf 77' lang='lat' dir='ltr'><strong><em>bonorem.</em></strong></span> <span class='ocrx_word' id='word_1_24' title='bbox 665 370 715 399; x_wconf 86' lang='lat' dir='ltr'><strong><em>dei</em></strong></span> <span class='ocrx_word' id='word_1_25' title='bbox 733 372 938 406; x_wconf 85' lang='lat' dir='ltr'><strong><em>omnipotentis</em></strong></span> <span class='ocrx_word' id='word_1_26' title='bbox 958 391 967 399; x_wconf 93' lang='lat'><strong>.</strong></span> <span class='ocrx_word' id='word_1_27' title='bbox 988 377 1015 398; x_wconf 89' lang='lat' dir='ltr'><strong><em>et</em></strong></span> <span class='ocrx_word' id='word_1_28' title='bbox 1028 380 1102 405; x_wconf 90' lang='lat' dir='ltr'><strong><em>pro-</em></strong></span> 
     </span>
     <span class='ocr_line' id='line_1_5' title="bbox 57 410 1102 453; baseline -0.001 -13"><span class='ocrx_word' id='word_1_29' title='bbox 57 414 178 453; x_wconf 76' lang='lat' dir='ltr'><strong><em>J&#39;ectnm</em></strong></span> <span class='ocrx_word' id='word_1_30' title='bbox 191 410 336 448; x_wconf 85' lang='lat' dir='ltr'><strong><em>fidelium</em></strong></span> <span class='ocrx_word' id='word_1_31' title='bbox 357 412 524 440; x_wconf 83' lang='lat' dir='ltr'><strong><em>animarum</em></strong></span> <span class='ocrx_word' id='word_1_32' title='bbox 547 432 555 441; x_wconf 88' lang='grc'><strong>.</strong></span> <span class='ocrx_word' id='word_1_33' title='bbox 579 412 617 441; x_wconf 87' lang='lat' dir='ltr'><strong><em>de</em></strong></span> <span class='ocrx_word' id='word_1_34' title='bbox 639 415 783 441; x_wconf 84' lang='lat' dir='ltr'><strong><em>communi</em></strong></span> <span class='ocrx_word' id='word_1_35' title='bbox 803 413 954 441; x_wconf 80' lang='lat' dir='ltr'><strong><em>volumtate</em></strong></span> <span class='ocrx_word' id='word_1_36' title='bbox 981 433 989 440; x_wconf 88' lang='lat'><strong>.</strong></span> <span class='ocrx_word' id='word_1_37' title='bbox 1017 411 1102 440; x_wconf 83' lang='lat' dir='ltr'><strong><em>bene-</em></strong></span> 
     </span>
     <span class='ocr_line' id='line_1_6' title="bbox 61 451 1103 492; baseline -0.002 -9"><span class='ocrx_word' id='word_1_38' title='bbox 61 454 175 491; x_wconf 78' lang='lat' dir='ltr'><strong><em>placito</em></strong></span> <span class='ocrx_word' id='word_1_39' title='bbox 204 460 231 480; x_wconf 84' lang='lat' dir='ltr'><strong><em>et</em></strong></span> <span class='ocrx_word' id='word_1_40' title='bbox 258 451 396 490; x_wconf 60' lang='lat' dir='ltr'><strong><em>asft’nsu</em></strong></span> <span class='ocrx_word' id='word_1_41' title='bbox 427 473 434 481; x_wconf 87' lang='lat'><strong>·</strong></span> <span class='ocrx_word' id='word_1_42' title='bbox 459 453 621 492; x_wconf 80' lang='lat' dir='ltr'><strong><em>statuimus</em></strong></span> <span class='ocrx_word' id='word_1_43' title='bbox 647 462 674 483; x_wconf 84' lang='lat' dir='ltr'><strong><em>et</em></strong></span> <span class='ocrx_word' id='word_1_44' title='bbox 700 454 893 491; x_wconf 75' lang='lat' dir='ltr'><strong><em>ordinamus,</em></strong></span> <span class='ocrx_word' id='word_1_45' title='bbox 922 462 954 483; x_wconf 85' lang='lat' dir='ltr'><strong><em>ut</em></strong></span> <span class='ocrx_word' id='word_1_46' title='bbox 982 453 1103 492; x_wconf 84' lang='lat' dir='ltr'><strong><em>quilibet</em></strong></span> 
     </span>
     <span class='ocr_line' id='line_1_7' title="bbox 64 493 1102 534; baseline -0.001 -10"><span class='ocrx_word' id='word_1_47' title='bbox 64 493 236 533; x_wconf 61' lang='lat' dir='ltr'><strong><em>mercasti-rii</em></strong></span> <span class='ocrx_word' id='word_1_48' title='bbox 249 493 346 532; x_wconf 80' lang='lat' dir='ltr'><strong><em>nostri</em></strong></span> <span class='ocrx_word' id='word_1_49' title='bbox 360 495 534 534; x_wconf 80' lang='lat' dir='ltr'><strong><em>monachus,</em></strong></span> <span class='ocrx_word' id='word_1_50' title='bbox 556 499 591 525; x_wconf 80' lang='lat' dir='ltr'><strong><em>in</em></strong></span> <span class='ocrx_word' id='word_1_51' title='bbox 605 497 713 525; x_wconf 84' lang='lat' dir='ltr'><strong><em>ordine</em></strong></span> <span class='ocrx_word' id='word_1_52' title='bbox 734 498 809 524; x_wconf 84' lang='lat' dir='ltr'><strong><em>vicis</em></strong></span> <span class='ocrx_word' id='word_1_53' title='bbox 819 496 898 533; x_wconf 80' lang='lat' dir='ltr'><strong><em>J&#39;ue,</em></strong></span> <span class='ocrx_word' id='word_1_54' title='bbox 922 499 955 524; x_wconf 72' lang='lat' dir='ltr'><strong><em>vin</em></strong></span> <span class='ocrx_word' id='word_1_55' title='bbox 974 494 1102 533; x_wconf 84' lang='lat' dir='ltr'><strong><em>ecclesia</em></strong></span> 
     </span>
     <span class='ocr_line' id='line_1_8' title="bbox 64 535 1103 575; baseline 0.001 -10"><span class='ocrx_word' id='word_1_56' title='bbox 64 535 171 575; x_wconf 79' lang='lat' dir='ltr'><strong><em>nostra</em></strong></span> <span class='ocrx_word' id='word_1_57' title='bbox 192 536 326 565; x_wconf 71' lang='lat' dir='ltr'><strong><em>videlicet</em></strong></span> <span class='ocrx_word' id='word_1_58' title='bbox 341 536 448 574; x_wconf 71' lang='lat' dir='ltr'><strong><em>J&#39;tzncti</em></strong></span> <span class='ocrx_word' id='word_1_59' title='bbox 469 539 596 573; x_wconf 89' lang='lat' dir='ltr'><strong><em>Jacobi,</em></strong></span> <span class='ocrx_word' id='word_1_60' title='bbox 624 551 711 567; x_wconf 87' lang='lat' dir='ltr'><strong><em>vnam</em></strong></span> <span class='ocrx_word' id='word_1_61' title='bbox 733 537 861 575; x_wconf 72' lang='lat' dir='ltr'><strong><em>missam</em></strong></span> <span class='ocrx_word' id='word_1_62' title='bbox 883 538 1003 567; x_wconf 74' lang='lat' dir='ltr'><strong><em>cottidie</em></strong></span> <span class='ocrx_word' id='word_1_63' title='bbox 1025 558 1033 566; x_wconf 88' lang='lat'><strong>.</strong></span> <span class='ocrx_word' id='word_1_64' title='bbox 1056 538 1103 566; x_wconf 82' lang='lat' dir='ltr'><strong><em>vel</em></strong></span> 
     </span>
     <span class='ocr_line' id='line_1_9' title="bbox 57 578 1099 618; baseline 0 -11"><span class='ocrx_word' id='word_1_65' title='bbox 57 578 200 617; x_wconf 67' lang='lat' dir='ltr'><strong><em>singulis</em></strong></span> <span class='ocrx_word' id='word_1_66' title='bbox 230 578 333 607; x_wconf 86' lang='lat' dir='ltr'><strong><em>diebus</em></strong></span> <span class='ocrx_word' id='word_1_67' title='bbox 356 591 414 615; x_wconf 85' lang='lat' dir='ltr'><strong><em>per</em></strong></span> <span class='ocrx_word' id='word_1_68' title='bbox 443 592 536 609; x_wconf 85' lang='lat' dir='ltr'><strong><em>annos</em></strong></span> <span class='ocrx_word' id='word_1_69' title='bbox 557 581 701 618; x_wconf 70' lang='lat' dir='ltr'><strong><em>situgulos</em></strong></span> <span class='ocrx_word' id='word_1_70' title='bbox 731 580 833 609; x_wconf 78' lang='lat' dir='ltr'><strong><em>debeat</em></strong></span> <span class='ocrx_word' id='word_1_71' title='bbox 858 587 1001 617; x_wconf 83' lang='lat' dir='ltr'><strong><em>perpetuo</em></strong></span> <span class='ocrx_word' id='word_1_72' title='bbox 1027 580 1099 608; x_wconf 86' lang='lat' dir='ltr'><strong><em>cele-</em></strong></span> 
     </span>
     <span class='ocr_line' id='line_1_10' title="bbox 65 620 1100 660; baseline 0 -10"><span class='ocrx_word' id='word_1_73' title='bbox 65 620 155 650; x_wconf 85' lang='lat' dir='ltr'><strong><em>brare</em></strong></span> <span class='ocrx_word' id='word_1_74' title='bbox 184 644 192 652; x_wconf 85' lang='lat'><em>.</em></span> <span class='ocrx_word' id='word_1_75' title='bbox 218 632 272 650; x_wconf 85' lang='lat' dir='ltr'><strong><em>nec</em></strong></span> <span class='ocrx_word' id='word_1_76' title='bbox 301 622 392 650; x_wconf 79' lang='lat' dir='ltr'><strong><em>licere</em></strong></span> <span class='ocrx_word' id='word_1_77' title='bbox 411 622 494 651; x_wconf 77' lang='lat' dir='ltr'><strong><em>debet</em></strong></span> <span class='ocrx_word' id='word_1_78' title='bbox 515 624 607 651; x_wconf 83' lang='lat' dir='ltr'><strong><em>alicui</em></strong></span> <span class='ocrx_word' id='word_1_79' title='bbox 620 622 663 660; x_wconf 89' lang='lat' dir='ltr'><strong><em>se</em></strong></span> <span class='ocrx_word' id='word_1_80' title='bbox 676 622 861 660; x_wconf 74' lang='lat' dir='ltr'><strong><em>subtrahere</em></strong></span> <span class='ocrx_word' id='word_1_81' title='bbox 888 643 896 650; x_wconf 88' lang='lat'><strong>.</strong></span> <span class='ocrx_word' id='word_1_82' title='bbox 926 621 962 650; x_wconf 90' lang='lat' dir='ltr'><strong><em>ab</em></strong></span> <span class='ocrx_word' id='word_1_83' title='bbox 989 622 1100 660; x_wconf 82' lang='lat' dir='ltr'><strong><em>officio</em></strong></span> 
     </span>
     <span class='ocr_line' id='line_1_11' title="bbox 65 662 1100 705; baseline 0 -14"><span class='ocrx_word' id='word_1_84' title='bbox 65 662 145 692; x_wconf 82' lang='lat' dir='ltr'><strong><em>dicte</em></strong></span> <span class='ocrx_word' id='word_1_85' title='bbox 173 662 269 700; x_wconf 74' lang='lat' dir='ltr'><strong><em>misse</em></strong></span> <span class='ocrx_word' id='word_1_86' title='bbox 302 684 310 692; x_wconf 88' lang='grc'><strong>.</strong></span> <span class='ocrx_word' id='word_1_87' title='bbox 345 665 438 705; x_wconf 71' lang='lat' dir='ltr'><strong><em>Quam</em></strong></span> <span class='ocrx_word' id='word_1_88' title='bbox 461 664 587 702; x_wconf 75' lang='lat' dir='ltr'><strong><em>missam</em></strong></span> <span class='ocrx_word' id='word_1_89' title='bbox 604 676 663 700; x_wconf 82' lang='lat' dir='ltr'><strong><em>pro</em></strong></span> <span class='ocrx_word' id='word_1_90' title='bbox 687 665 816 693; x_wconf 81' lang='lat' dir='ltr'><strong><em>remedio</em></strong></span> <span class='ocrx_word' id='word_1_91' title='bbox 838 666 935 693; x_wconf 88' lang='lat' dir='ltr'><strong><em>anime</em></strong></span> <span class='ocrx_word' id='word_1_92' title='bbox 957 663 1070 692; x_wconf 85' lang='lat' dir='ltr'><strong><em>domini</em></strong></span> <span class='ocrx_word' id='word_1_93' title='bbox 1093 685 1100 691; x_wconf 93' lang='lat'><strong><em>.</em></strong></span> 
     </span>
     <span class='ocr_line' id='line_1_12' title="bbox 66 704 1101 743; baseline 0 -9"><span class='ocrx_word' id='word_1_94' title='bbox 66 707 211 735; x_wconf 69' lang='grc' dir='ltr'>ΤυτοΝις</span> <span class='ocrx_word' id='word_1_95' title='bbox 227 707 334 733; x_wconf 86' lang='lat' dir='ltr'><strong><em>militis</em></strong></span> <span class='ocrx_word' id='word_1_96' title='bbox 350 727 358 734; x_wconf 87' lang='lat'><strong>.</strong></span> <span class='ocrx_word' id='word_1_97' title='bbox 372 718 425 736; x_wconf 79' lang='lat' dir='ltr'><strong><em>nec</em></strong></span> <span class='ocrx_word' id='word_1_98' title='bbox 439 719 496 735; x_wconf 86' lang='lat' dir='ltr'><strong><em>non</em></strong></span> <span class='ocrx_word' id='word_1_99' title='bbox 513 707 631 735; x_wconf 83' lang='lat' dir='ltr'><strong><em>domine</em></strong></span> <span class='ocrx_word' id='word_1_100' title='bbox 645 709 747 736; x_wconf 75' lang='lat' dir='ltr'>JU&#39;rTE</span> <span class='ocrx_word' id='word_1_101' title='bbox 764 708 898 742; x_wconf 78' lang='lat' dir='ltr'><strong><em>coniugis</em></strong></span> <span class='ocrx_word' id='word_1_102' title='bbox 909 704 972 743; x_wconf 80' lang='lat' dir='ltr'><strong><em>sne</em></strong></span> <span class='ocrx_word' id='word_1_103' title='bbox 992 706 1101 734; x_wconf 84' lang='lat' dir='ltr'><strong><em>dilecte</em></strong></span> 
     </span>
     <span class='ocr_line' id='line_1_13' title="bbox 56 746 1100 787; baseline 0.001 -12"><span class='ocrx_word' id='word_1_104' title='bbox 56 747 168 787; x_wconf 79' lang='lat' dir='ltr'><strong><em>j&#39;elicis</em></strong></span> <span class='ocrx_word' id='word_1_105' title='bbox 189 750 326 776; x_wconf 76' lang='lat' dir='ltr'><strong><em>memorie</em></strong></span> <span class='ocrx_word' id='word_1_106' title='bbox 348 769 355 776; x_wconf 90' lang='lat'><strong>.</strong></span> <span class='ocrx_word' id='word_1_107' title='bbox 378 751 410 777; x_wconf 81' lang='lat' dir='ltr'><strong><em>ia</em></strong></span> <span class='ocrx_word' id='word_1_108' title='bbox 432 750 527 778; x_wconf 90' lang='lat' dir='ltr'><strong><em>altari</em></strong></span> <span class='ocrx_word' id='word_1_109' title='bbox 539 748 647 786; x_wconf 86' lang='lat' dir='ltr'><strong><em>sancti</em></strong></span> <span class='ocrx_word' id='word_1_110' title='bbox 667 750 790 785; x_wconf 79' lang='lat' dir='ltr'><strong><em>Georgii</em></strong></span> <span class='ocrx_word' id='word_1_111' title='bbox 808 750 943 777; x_wconf 85' lang='lat' dir='ltr'><strong><em>martiris</em></strong></span> <span class='ocrx_word' id='word_1_112' title='bbox 963 769 970 776; x_wconf 91' lang='lat'><strong><em>.</em></strong></span> <span class='ocrx_word' id='word_1_113' title='bbox 985 746 1100 785; x_wconf 84' lang='lat' dir='ltr'><strong><em>statui-</em></strong></span> 
     </span>
     <span class='ocr_line' id='line_1_14' title="bbox 64 789 1100 831; baseline 0 -13"><span class='ocrx_word' id='word_1_114' title='bbox 64 799 128 818; x_wconf 84' lang='lat' dir='ltr'><strong><em>mus</em></strong></span> <span class='ocrx_word' id='word_1_115' title='bbox 149 789 355 818; x_wconf 75' lang='lat' dir='ltr'><strong><em>nichilominus</em></strong></span> <span class='ocrx_word' id='word_1_116' title='bbox 375 802 438 820; x_wconf 87' lang='lat' dir='ltr'><strong><em>cnm</em></strong></span> <span class='ocrx_word' id='word_1_117' title='bbox 460 792 619 820; x_wconf 84' lang='lat' dir='ltr'><strong><em>deuocione</em></strong></span> <span class='ocrx_word' id='word_1_118' title='bbox 637 790 737 819; x_wconf 85' lang='lat' dir='ltr'><strong><em>debita</em></strong></span> <span class='ocrx_word' id='word_1_119' title='bbox 757 790 903 819; x_wconf 85' lang='lat' dir='ltr'><strong><em>celebrari</em></strong></span> <span class='ocrx_word' id='word_1_120' title='bbox 932 811 940 818; x_wconf 88' lang='lat'><strong><em>.</em></strong></span> <span class='ocrx_word' id='word_1_121' title='bbox 972 792 1032 831; x_wconf 75' lang='lat' dir='ltr'><strong><em>Qui</em></strong></span> <span class='ocrx_word' id='word_1_122' title='bbox 1055 792 1100 818; x_wconf 83' lang='lat' dir='ltr'><strong><em>ai-</em></strong></span> 
     </span>
     <span class='ocr_line' id='line_1_15' title="bbox 65 830 1100 871; baseline 0 -11"><span class='ocrx_word' id='word_1_123' title='bbox 65 830 173 861; x_wconf 70' lang='lat' dir='ltr'><strong><em>delicet</em></strong></span> <span class='ocrx_word' id='word_1_124' title='bbox 196 842 278 862; x_wconf 72' lang='lat' dir='ltr'><strong><em>&#39;rr&#39;ro</em></strong></span> <span class='ocrx_word' id='word_1_125' title='bbox 298 832 456 868; x_wconf 76' lang='lat' dir='ltr'><strong><em>predictus</em></strong></span> <span class='ocrx_word' id='word_1_126' title='bbox 479 834 605 862; x_wconf 86' lang='lat' dir='ltr'><strong><em>donauit</em></strong></span> <span class='ocrx_word' id='word_1_127' title='bbox 626 832 801 871; x_wconf 83' lang='lat' dir='ltr'><strong><em>monasterio</em></strong></span> <span class='ocrx_word' id='word_1_128' title='bbox 823 831 922 870; x_wconf 82' lang='lat' dir='ltr'><strong><em>nostro</em></strong></span> <span class='ocrx_word' id='word_1_129' title='bbox 939 832 1076 868; x_wconf 82' lang='lat' dir='ltr'><strong><em>predicto</em></strong></span> <span class='ocrx_word' id='word_1_130' title='bbox 1094 854 1100 860; x_wconf 92' lang='lat'><em>.</em></span> 
     </span>
     <span class='ocr_line' id='line_1_16' title="bbox 65 874 1101 912; baseline 0.001 -10"><span class='ocrx_word' id='word_1_131' title='bbox 65 881 193 912; x_wconf 72' lang='lat' dir='ltr'><strong><em>quantor</em></strong></span> <span class='ocrx_word' id='word_1_132' title='bbox 215 874 336 911; x_wconf 74' lang='lat' dir='ltr'><strong><em>uiansos</em></strong></span> <span class='ocrx_word' id='word_1_133' title='bbox 358 883 384 904; x_wconf 84' lang='lat' dir='ltr'><strong><em>et</em></strong></span> <span class='ocrx_word' id='word_1_134' title='bbox 407 875 562 904; x_wconf 82' lang='lat' dir='ltr'><strong><em>dimidium</em></strong></span> <span class='ocrx_word' id='word_1_135' title='bbox 577 874 661 912; x_wconf 87' lang='lat' dir='ltr'><strong><em>sitos</em></strong></span> <span class='ocrx_word' id='word_1_136' title='bbox 682 877 716 903; x_wconf 82' lang='lat' dir='ltr'><strong><em>iu</em></strong></span> <span class='ocrx_word' id='word_1_137' title='bbox 737 895 745 904; x_wconf 90' lang='lat'><em>.</em></span> <span class='ocrx_word' id='word_1_138' title='bbox 768 877 897 903; x_wconf 61' lang='lat' dir='ltr'><strong><em>Wmsslx</em></strong></span> <span class='ocrx_word' id='word_1_139' title='bbox 922 896 929 903; x_wconf 89' lang='lat'><strong><em>.</em></strong></span> <span class='ocrx_word' id='word_1_140' title='bbox 946 874 1101 912; x_wconf 78' lang='lat' dir='ltr'><strong><em>soluentes</em></strong></span> 
     </span>
     <span class='ocr_line' id='line_1_17' title="bbox 64 915 1100 954; baseline 0.002 -10"><span class='ocrx_word' id='word_1_141' title='bbox 64 918 155 944; x_wconf 73' lang='lat' dir='ltr'><strong><em>annis</em></strong></span> <span class='ocrx_word' id='word_1_142' title='bbox 168 915 310 953; x_wconf 63' lang='lat' dir='ltr'><strong><em>singulis</em></strong></span> <span class='ocrx_word' id='word_1_143' title='bbox 331 937 339 945; x_wconf 89' lang='lat'><strong>.</strong></span> <span class='ocrx_word' id='word_1_144' title='bbox 354 916 472 954; x_wconf 87' lang='lat' dir='ltr'><strong><em>septem</em></strong></span> <span class='ocrx_word' id='word_1_145' title='bbox 494 929 608 946; x_wconf 82' lang='lat' dir='ltr'><strong><em>marcas</em></strong></span> <span class='ocrx_word' id='word_1_146' title='bbox 622 919 743 953; x_wconf 75' lang='lat' dir='ltr'><strong><em>argenti</em></strong></span> <span class='ocrx_word' id='word_1_147' title='bbox 766 938 772 945; x_wconf 92' lang='lat'><strong>.</strong></span> <span class='ocrx_word' id='word_1_148' title='bbox 792 928 851 952; x_wconf 68' lang='lat' dir='ltr'><strong><em>pro</em></strong></span> <span class='ocrx_word' id='word_1_149' title='bbox 863 915 994 954; x_wconf 85' lang='lat' dir='ltr'><strong><em>suorum</em></strong></span> <span class='ocrx_word' id='word_1_150' title='bbox 1008 929 1100 946; x_wconf 85' lang='lat' dir='ltr'><strong><em>reme-</em></strong></span> 
     </span>
     <span class='ocr_line' id='line_1_18' title="bbox 65 957 1101 997; baseline 0.001 -11"><span class='ocrx_word' id='word_1_151' title='bbox 65 957 116 986; x_wconf 84' lang='lat' dir='ltr'><strong><em>dio</em></strong></span> <span class='ocrx_word' id='word_1_152' title='bbox 133 965 324 994; x_wconf 78' lang='lat' dir='ltr'><strong><em>peccatorum</em></strong></span> <span class='ocrx_word' id='word_1_153' title='bbox 346 981 353 988; x_wconf 92' lang='lat'><strong>.</strong></span> <span class='ocrx_word' id='word_1_154' title='bbox 377 958 531 997; x_wconf 71' lang='lat' dir='ltr'><strong><em>nostroque</em></strong></span> <span class='ocrx_word' id='word_1_155' title='bbox 555 960 720 988; x_wconf 80' lang='lat' dir='ltr'><strong><em>Conuentni</em></strong></span> <span class='ocrx_word' id='word_1_156' title='bbox 741 981 749 988; x_wconf 86' lang='lat'><em>.</em></span> <span class='ocrx_word' id='word_1_157' title='bbox 775 959 874 987; x_wconf 83' lang='lat' dir='ltr'><strong><em>dictas</em></strong></span> <span class='ocrx_word' id='word_1_158' title='bbox 887 958 1006 996; x_wconf 81' lang='lat' dir='ltr'><strong><em>septem</em></strong></span> <span class='ocrx_word' id='word_1_159' title='bbox 1021 971 1101 987; x_wconf 85' lang='lat' dir='ltr'><strong><em>mar-</em></strong></span> 
     </span>
     <span class='ocr_line' id='line_1_19' title="bbox 65 998 508 1037; baseline 0.002 -9"><span class='ocrx_word' id='word_1_160' title='bbox 65 1010 116 1028; x_wconf 76' lang='lat' dir='ltr'><strong><em>cas</em></strong></span> <span class='ocrx_word' id='word_1_161' title='bbox 137 998 322 1036; x_wconf 71' lang='lat' dir='ltr'><strong><em>specialiter</em></strong></span> <span class='ocrx_word' id='word_1_162' title='bbox 351 1000 508 1037; x_wconf 77' lang='lat' dir='ltr'><strong><em>deputauit</em></strong></span> 
     </span>
     <span class='ocr_line' id='line_1_20' title="bbox 65 1042 1100 1081; baseline 0 -11"><span class='ocrx_word' id='word_1_163' title='bbox 65 1049 260 1078; x_wconf 77' lang='lat' dir='ltr'><strong><em>competenter</em></strong></span> <span class='ocrx_word' id='word_1_164' title='bbox 274 1049 301 1070; x_wconf 84' lang='lat' dir='ltr'><strong><em>et</em></strong></span> <span class='ocrx_word' id='word_1_165' title='bbox 316 1042 423 1081; x_wconf 79' lang='lat' dir='ltr'><strong><em>absque</em></strong></span> <span class='ocrx_word' id='word_1_166' title='bbox 439 1046 568 1080; x_wconf 81' lang='lat' dir='ltr'><strong><em>penuria</em></strong></span> <span class='ocrx_word' id='word_1_167' title='bbox 591 1064 599 1071; x_wconf 88' lang='lat'><strong>.</strong></span> <span class='ocrx_word' id='word_1_168' title='bbox 622 1045 720 1071; x_wconf 86' lang='lat' dir='ltr'><strong><em>valeat</em></strong></span> <span class='ocrx_word' id='word_1_169' title='bbox 736 1042 908 1081; x_wconf 71' lang='lat' dir='ltr'><strong><em>fizfimztari</em></strong></span> <span class='ocrx_word' id='word_1_170' title='bbox 931 1064 938 1071; x_wconf 90' lang='lat'>.</span> <span class='ocrx_word' id='word_1_171' title='bbox 960 1045 1022 1072; x_wconf 90' lang='lat' dir='ltr'><strong><em>Pro</em></strong></span> <span class='ocrx_word' id='word_1_172' title='bbox 1037 1046 1100 1081; x_wconf 74' lang='lat' dir='ltr'><strong><em>qvi-</em></strong></span> 
     </span>
     <span class='ocr_line' id='line_1_21' title="bbox 64 1082 1101 1122; baseline 0.001 -10"><span class='ocrx_word' id='word_1_173' title='bbox 64 1083 118 1112; x_wconf 69' lang='lat' dir='ltr'><strong><em>bus</em></strong></span> <span class='ocrx_word' id='word_1_174' title='bbox 138 1082 259 1120; x_wconf 78' lang='lat' dir='ltr'><strong><em>septem</em></strong></span> <span class='ocrx_word' id='word_1_175' title='bbox 280 1087 391 1112; x_wconf 84' lang='lat' dir='ltr'><strong><em>marcis</em></strong></span> <span class='ocrx_word' id='word_1_176' title='bbox 413 1105 420 1112; x_wconf 90' lang='lat'>.</span> <span class='ocrx_word' id='word_1_177' title='bbox 442 1088 539 1120; x_wconf 79' lang='lat' dir='ltr'><strong><em>recipi</em></strong></span> <span class='ocrx_word' id='word_1_178' title='bbox 561 1084 664 1113; x_wconf 85' lang='lat' dir='ltr'><strong><em>debent</em></strong></span> <span class='ocrx_word' id='word_1_179' title='bbox 684 1084 751 1122; x_wconf 67' lang='lat' dir='ltr'><strong><em>sex</em></strong></span> <span class='ocrx_word' id='word_1_180' title='bbox 772 1086 884 1113; x_wconf 87' lang='lat' dir='ltr'><strong><em>talenta</em></strong></span> <span class='ocrx_word' id='word_1_181' title='bbox 906 1085 1101 1114; x_wconf 85' lang='lat' dir='ltr'><strong><em>denariorum</em></strong></span> 
     </span>
     <span class='ocr_line' id='line_1_22' title="bbox 63 1124 1101 1163; baseline 0.002 -10"><span class='ocrx_word' id='word_1_182' title='bbox 63 1124 221 1163; x_wconf 76' lang='lat' dir='ltr'><strong><em>usualium</em></strong></span> <span class='ocrx_word' id='word_1_183' title='bbox 236 1146 243 1153; x_wconf 91' lang='lat'>.</span> <span class='ocrx_word' id='word_1_184' title='bbox 261 1125 297 1154; x_wconf 83' lang='lat' dir='ltr'><strong><em>de</em></strong></span> <span class='ocrx_word' id='word_1_185' title='bbox 312 1129 383 1155; x_wconf 81' lang='lat' dir='ltr'><strong><em>ortis</em></strong></span> <span class='ocrx_word' id='word_1_186' title='bbox 398 1127 479 1155; x_wconf 84' lang='lat' dir='ltr'><strong><em>ultra</em></strong></span> <span class='ocrx_word' id='word_1_187' title='bbox 494 1135 613 1163; x_wconf 85' lang='lat' dir='ltr'><strong><em>pontem</em></strong></span> <span class='ocrx_word' id='word_1_188' title='bbox 633 1127 784 1163; x_wconf 82' lang='lat' dir='ltr'><strong><em>lapideum</em></strong></span> <span class='ocrx_word' id='word_1_189' title='bbox 805 1149 813 1156; x_wconf 87' lang='lat'><strong><em>.</em></strong></span> <span class='ocrx_word' id='word_1_190' title='bbox 832 1139 929 1163; x_wconf 82' lang='lat' dir='ltr'><strong><em>prope</em></strong></span> <span class='ocrx_word' id='word_1_191' title='bbox 951 1130 1101 1156; x_wconf 81' lang='lat' dir='ltr'><strong><em>ciuitatem</em></strong></span> 
     </span>
     <span class='ocr_line' id='line_1_23' title="bbox 64 1166 1100 1207; baseline 0.002 -12"><span class='ocrx_word' id='word_1_192' title='bbox 64 1166 196 1205; x_wconf 79' lang='lat' dir='ltr'><strong><em>nostram</em></strong></span> <span class='ocrx_word' id='word_1_193' title='bbox 211 1168 379 1203; x_wconf 83' lang='lat' dir='ltr'><strong><em>predictam</em></strong></span> <span class='ocrx_word' id='word_1_194' title='bbox 394 1168 471 1205; x_wconf 85' lang='lat' dir='ltr'><strong><em>sitis</em></strong></span> <span class='ocrx_word' id='word_1_195' title='bbox 494 1189 502 1198; x_wconf 89' lang='lat'><strong><em>.</em></strong></span> <span class='ocrx_word' id='word_1_196' title='bbox 525 1169 562 1197; x_wconf 82' lang='lat' dir='ltr'><strong><em>de</em></strong></span> <span class='ocrx_word' id='word_1_197' title='bbox 581 1169 686 1207; x_wconf 76' lang='lat' dir='ltr'><strong><em>quibus</em></strong></span> <span class='ocrx_word' id='word_1_198' title='bbox 705 1171 777 1197; x_wconf 83' lang='lat' dir='ltr'><strong><em>ortis</em></strong></span> <span class='ocrx_word' id='word_1_199' title='bbox 795 1168 901 1205; x_wconf 82' lang='lat' dir='ltr'><strong><em>census</em></strong></span> <span class='ocrx_word' id='word_1_200' title='bbox 916 1169 995 1197; x_wconf 86' lang='lat' dir='ltr'><strong><em>beati</em></strong></span> <span class='ocrx_word' id='word_1_201' title='bbox 1009 1170 1100 1198; x_wconf 71' lang='lat' dir='ltr'><strong><em>Blar-</em></strong></span> 
     </span>
     <span class='ocr_line' id='line_1_24' title="bbox 64 1208 1101 1249; baseline 0.003 -12"><span class='ocrx_word' id='word_1_202' title='bbox 64 1212 122 1238; x_wconf 77' lang='lat' dir='ltr'><strong><em>tini</em></strong></span> <span class='ocrx_word' id='word_1_203' title='bbox 137 1208 276 1247; x_wconf 87' lang='lat' dir='ltr'><strong><em>soluitur</em></strong></span> <span class='ocrx_word' id='word_1_204' title='bbox 294 1213 355 1239; x_wconf 89' lang='lat' dir='ltr'><strong><em>tria</em></strong></span> <span class='ocrx_word' id='word_1_205' title='bbox 375 1211 484 1239; x_wconf 85' lang='lat' dir='ltr'><strong><em>talenta</em></strong></span> <span class='ocrx_word' id='word_1_206' title='bbox 507 1219 532 1239; x_wconf 90' lang='lat' dir='ltr'><strong><em>et</em></strong></span> <span class='ocrx_word' id='word_1_207' title='bbox 544 1210 663 1248; x_wconf 82' lang='lat' dir='ltr'><strong><em>septem</em></strong></span> <span class='ocrx_word' id='word_1_208' title='bbox 676 1210 780 1247; x_wconf 86' lang='lat' dir='ltr'><strong><em>solidi</em></strong></span> <span class='ocrx_word' id='word_1_209' title='bbox 796 1231 803 1238; x_wconf 89' lang='lat'><strong>.</strong></span> <span class='ocrx_word' id='word_1_210' title='bbox 821 1210 858 1238; x_wconf 89' lang='lat' dir='ltr'><strong><em>de</em></strong></span> <span class='ocrx_word' id='word_1_211' title='bbox 872 1211 987 1239; x_wconf 90' lang='lat' dir='ltr'><strong><em>allodio</em></strong></span> <span class='ocrx_word' id='word_1_212' title='bbox 1003 1211 1101 1249; x_wconf 81' lang='lat' dir='ltr'><strong><em>nostro</em></strong></span> 
     </span>
     <span class='ocr_line' id='line_1_25' title="bbox 65 1252 1100 1291; baseline 0 -10"><span class='ocrx_word' id='word_1_213' title='bbox 65 1254 189 1290; x_wconf 79' lang='lat' dir='ltr'><strong><em>wntiquo</em></strong></span> <span class='ocrx_word' id='word_1_214' title='bbox 209 1254 271 1280; x_wconf 77' lang='lat' dir='ltr'><strong><em>tria</em></strong></span> <span class='ocrx_word' id='word_1_215' title='bbox 292 1253 405 1281; x_wconf 84' lang='lat' dir='ltr'><strong><em>talenta</em></strong></span> <span class='ocrx_word' id='word_1_216' title='bbox 425 1273 433 1281; x_wconf 83' lang='grc'><strong>.</strong></span> <span class='ocrx_word' id='word_1_217' title='bbox 456 1255 553 1281; x_wconf 84' lang='lat' dir='ltr'><strong><em>minus</em></strong></span> <span class='ocrx_word' id='word_1_218' title='bbox 576 1255 703 1291; x_wconf 81' lang='lat' dir='ltr'><strong><em>quinque</em></strong></span> <span class='ocrx_word' id='word_1_219' title='bbox 726 1252 844 1289; x_wconf 60' lang='lat' dir='ltr'><strong><em>solidis</em></strong></span> <span class='ocrx_word' id='word_1_220' title='bbox 873 1255 970 1288; x_wconf 88' lang='lat' dir='ltr'><strong><em>recipi</em></strong></span> <span class='ocrx_word' id='word_1_221' title='bbox 996 1252 1100 1281; x_wconf 84' lang='lat' dir='ltr'><strong><em>debent</em></strong></span> 
     </span>
     <span class='ocr_line' id='line_1_26' title="bbox 63 1292 374 1330; baseline 0.003 -8"><span class='ocrx_word' id='word_1_222' title='bbox 63 1297 182 1323; x_wconf 82' lang='lat' dir='ltr'><strong><em>nomine</em></strong></span> <span class='ocrx_word' id='word_1_223' title='bbox 203 1292 374 1330; x_wconf 78' lang='lat' dir='ltr'><strong><em>pensionis.</em></strong></span> 
     </span>
     <span class='ocr_line' id='line_1_27' title="bbox 64 1335 918 1374; baseline 0 -10"><span class='ocrx_word' id='word_1_224' title='bbox 64 1335 160 1374; x_wconf 77' lang='lat' dir='ltr'><strong><em>nostri</em></strong></span> <span class='ocrx_word' id='word_1_225' title='bbox 181 1343 340 1364; x_wconf 84' lang='lat' dir='ltr'><strong><em>conuentus</em></strong></span> <span class='ocrx_word' id='word_1_226' title='bbox 362 1357 370 1364; x_wconf 89' lang='lat'>.</span> <span class='ocrx_word' id='word_1_227' title='bbox 393 1336 497 1365; x_wconf 82' lang='lat' dir='ltr'><strong><em>debent</em></strong></span> <span class='ocrx_word' id='word_1_228' title='bbox 518 1336 706 1374; x_wconf 73' lang='lat' dir='ltr'><strong><em>specialiter</em></strong></span> <span class='ocrx_word' id='word_1_229' title='bbox 728 1339 883 1373; x_wconf 82' lang='lat' dir='ltr'><strong><em>pertinere</em></strong></span> <span class='ocrx_word' id='word_1_230' title='bbox 912 1357 918 1365; x_wconf 85' lang='lat'><strong>.</strong></span> 
     </span>
     <span class='ocr_line' id='line_1_28' title="bbox 63 1377 1101 1418; baseline 0.002 -12"><span class='ocrx_word' id='word_1_231' title='bbox 63 1377 238 1416; x_wconf 78' lang='lat' dir='ltr'><strong><em>monasterii</em></strong></span> <span class='ocrx_word' id='word_1_232' title='bbox 267 1386 372 1407; x_wconf 86' lang='lat' dir='ltr'><strong><em>cantor</em></strong></span> <span class='ocrx_word' id='word_1_233' title='bbox 397 1382 450 1417; x_wconf 85' lang='lat' dir='ltr'><strong><em>qai</em></strong></span> <span class='ocrx_word' id='word_1_234' title='bbox 472 1390 530 1416; x_wconf 81' lang='lat' dir='ltr'><strong><em>pro</em></strong></span> <span class='ocrx_word' id='word_1_235' title='bbox 558 1387 688 1415; x_wconf 88' lang='lat' dir='ltr'><strong><em>tempore</em></strong></span> <span class='ocrx_word' id='word_1_236' title='bbox 706 1380 814 1418; x_wconf 81' lang='lat' dir='ltr'><strong><em>faerit</em></strong></span> <span class='ocrx_word' id='word_1_237' title='bbox 844 1399 851 1406; x_wconf 91' lang='lat'><strong>.</strong></span> <span class='ocrx_word' id='word_1_238' title='bbox 884 1379 964 1407; x_wconf 88' lang='lat' dir='ltr'><strong><em>dicta</em></strong></span> <span class='ocrx_word' id='word_1_239' title='bbox 986 1380 1101 1408; x_wconf 82' lang='lat' dir='ltr'><strong><em>talenta</em></strong></span> 
     </span>
     <span class='ocr_line' id='line_1_29' title="bbox 64 1418 1099 1461; baseline 0.001 -12"><span class='ocrx_word' id='word_1_240' title='bbox 64 1422 154 1449; x_wconf 79' lang='lat' dir='ltr'><strong><em>annis</em></strong></span> <span class='ocrx_word' id='word_1_241' title='bbox 166 1418 310 1456; x_wconf 80' lang='lat' dir='ltr'><strong><em>singulis</em></strong></span> <span class='ocrx_word' id='word_1_242' title='bbox 331 1422 473 1457; x_wconf 74' lang='lat' dir='ltr'><strong><em>collIgere</em></strong></span> <span class='ocrx_word' id='word_1_243' title='bbox 495 1428 521 1449; x_wconf 86' lang='lat' dir='ltr'><strong><em>et</em></strong></span> <span class='ocrx_word' id='word_1_244' title='bbox 542 1423 675 1457; x_wconf 82' lang='lat' dir='ltr'><strong><em>recipere</em></strong></span> <span class='ocrx_word' id='word_1_245' title='bbox 695 1421 842 1450; x_wconf 76' lang='lat' dir='ltr'><strong><em>tenebitur</em></strong></span> <span class='ocrx_word' id='word_1_246' title='bbox 868 1442 876 1450; x_wconf 91' lang='grc'><strong>.</strong></span> <span class='ocrx_word' id='word_1_247' title='bbox 907 1428 934 1449; x_wconf 81' lang='lat' dir='ltr'><strong><em>et</em></strong></span> <span class='ocrx_word' id='word_1_248' title='bbox 953 1422 1099 1461; x_wconf 76' lang='lat' dir='ltr'><strong><em>fratrum</em></strong></span> 
     </span>
     <span class='ocr_line' id='line_1_30' title="bbox 62 1460 1100 1503; baseline 0.002 -12"><span class='ocrx_word' id='word_1_249' title='bbox 62 1460 160 1500; x_wconf 76' lang='lat' dir='ltr'><strong><em>nostri</em></strong></span> <span class='ocrx_word' id='word_1_250' title='bbox 182 1470 338 1491; x_wconf 83' lang='lat' dir='ltr'><strong><em>conuentus</em></strong></span> <span class='ocrx_word' id='word_1_251' title='bbox 354 1463 485 1499; x_wconf 74' lang='lat' dir='ltr'><strong><em>predicti</em></strong></span> <span class='ocrx_word' id='word_1_252' title='bbox 506 1463 612 1501; x_wconf 80' lang='lat' dir='ltr'><strong><em>usibus</em></strong></span> <span class='ocrx_word' id='word_1_253' title='bbox 641 1470 674 1492; x_wconf 80' lang='lat' dir='ltr'><strong><em>ut</em></strong></span> <span class='ocrx_word' id='word_1_254' title='bbox 703 1464 792 1493; x_wconf 86' lang='lat' dir='ltr'><strong><em>dictis</em></strong></span> <span class='ocrx_word' id='word_1_255' title='bbox 812 1463 972 1503; x_wconf 85' lang='lat' dir='ltr'><strong><em>fratribus</em></strong></span> <span class='ocrx_word' id='word_1_256' title='bbox 1000 1466 1100 1493; x_wconf 85' lang='lat' dir='ltr'><strong><em>vtilius</em></strong></span> 
     </span>
     <span class='ocr_line' id='line_1_31' title="bbox 62 1503 1100 1544; baseline 0.001 -10"><span class='ocrx_word' id='word_1_257' title='bbox 62 1503 217 1534; x_wconf 77' lang='lat' dir='ltr'><strong><em>uidebitur</em></strong></span> <span class='ocrx_word' id='word_1_258' title='bbox 238 1505 408 1541; x_wconf 81' lang='lat' dir='ltr'><strong><em>applicabit</em></strong></span> <span class='ocrx_word' id='word_1_259' title='bbox 431 1526 439 1535; x_wconf 88' lang='lat'><strong>.</strong></span> <span class='ocrx_word' id='word_1_260' title='bbox 461 1505 710 1543; x_wconf 68' lang='lat' dir='ltr'><strong><em>Anniuerfarias</em></strong></span> <span class='ocrx_word' id='word_1_261' title='bbox 727 1517 840 1544; x_wconf 82' lang='lat' dir='ltr'><strong><em>quoqne</em></strong></span> <span class='ocrx_word' id='word_1_262' title='bbox 861 1506 976 1534; x_wconf 83' lang='lat' dir='ltr'><strong><em>domini</em></strong></span> <span class='ocrx_word' id='word_1_263' title='bbox 995 1509 1100 1535; x_wconf 68' lang='lat' dir='ltr'><strong><em>Turo-</em></strong></span> 
     </span>
     <span class='ocr_line' id='line_1_32' title="bbox 64 1546 1101 1585; baseline -0.001 -9"><span class='ocrx_word' id='word_1_264' title='bbox 64 1555 117 1576; x_wconf 70' lang='grc' dir='ltr'><strong><em>ΜΒ</em></strong></span> <span class='ocrx_word' id='word_1_265' title='bbox 135 1546 270 1582; x_wconf 79' lang='lat' dir='ltr'><strong><em>predicti</em></strong></span> <span class='ocrx_word' id='word_1_266' title='bbox 291 1567 300 1576; x_wconf 90' lang='lat'><strong><em>.</em></strong></span> <span class='ocrx_word' id='word_1_267' title='bbox 323 1559 377 1576; x_wconf 81' lang='lat' dir='ltr'><strong><em>nec</em></strong></span> <span class='ocrx_word' id='word_1_268' title='bbox 397 1559 456 1577; x_wconf 86' lang='lat' dir='ltr'><strong><em>non</em></strong></span> <span class='ocrx_word' id='word_1_269' title='bbox 478 1550 582 1577; x_wconf 75' lang='lat' dir='ltr'><strong><em>vxoris</em></strong></span> <span class='ocrx_word' id='word_1_270' title='bbox 596 1547 658 1585; x_wconf 88' lang='lat' dir='ltr'><strong><em>sue</em></strong></span> <span class='ocrx_word' id='word_1_271' title='bbox 680 1551 781 1577; x_wconf 75' lang='lat' dir='ltr'>JUTTE</span> <span class='ocrx_word' id='word_1_272' title='bbox 804 1548 966 1577; x_wconf 84' lang='lat' dir='ltr'><strong><em>maioribus</em></strong></span> <span class='ocrx_word' id='word_1_273' title='bbox 986 1549 1101 1584; x_wconf 75' lang='lat' dir='ltr'><strong><em>vigiliis</em></strong></span> 
     </span>
     <span class='ocr_line' id='line_1_33' title="bbox 64 1587 1101 1628; baseline 0.002 -12"><span class='ocrx_word' id='word_1_274' title='bbox 64 1595 93 1617; x_wconf 77' lang='lat' dir='ltr'><strong><em>et</em></strong></span> <span class='ocrx_word' id='word_1_275' title='bbox 113 1587 213 1625; x_wconf 80' lang='lat' dir='ltr'><strong><em>missa</em></strong></span> <span class='ocrx_word' id='word_1_276' title='bbox 227 1587 398 1626; x_wconf 81' lang='lat' dir='ltr'><strong><em>sollempni</em></strong></span> <span class='ocrx_word' id='word_1_277' title='bbox 421 1611 428 1619; x_wconf 94' lang='lat'><em>.</em></span> <span class='ocrx_word' id='word_1_278' title='bbox 452 1601 517 1618; x_wconf 85' lang='lat' dir='ltr'><strong><em>cum</em></strong></span> <span class='ocrx_word' id='word_1_279' title='bbox 535 1589 944 1627; x_wconf 79' lang='lat' dir='ltr'><strong><em>compulsacionesignorum</em></strong></span> <span class='ocrx_word' id='word_1_280' title='bbox 959 1601 978 1618; x_wconf 93' lang='lat' dir='ltr'><strong><em>a</em></strong></span> <span class='ocrx_word' id='word_1_281' title='bbox 994 1589 1101 1628; x_wconf 78' lang='lat' dir='ltr'><strong><em>nostris</em></strong></span> 
     </span>
     <span class='ocr_line' id='line_1_34' title="bbox 55 1629 1100 1671; baseline 0.003 -13"><span class='ocrx_word' id='word_1_282' title='bbox 55 1629 219 1671; x_wconf 81' lang='lat' dir='ltr'><strong><em>fratribus</em></strong></span> <span class='ocrx_word' id='word_1_283' title='bbox 240 1630 303 1668; x_wconf 78' lang='lat' dir='ltr'><strong><em>sen.</em></strong></span> <span class='ocrx_word' id='word_1_284' title='bbox 334 1640 479 1660; x_wconf 76' lang='lat' dir='ltr'><strong><em>conuentu·</em></strong></span> <span class='ocrx_word' id='word_1_285' title='bbox 508 1653 515 1660; x_wconf 92' lang='lat'>.</span> <span class='ocrx_word' id='word_1_286' title='bbox 539 1632 681 1669; x_wconf 83' lang='lat' dir='ltr'><strong><em>fideliter</em></strong></span> <span class='ocrx_word' id='word_1_287' title='bbox 703 1643 739 1660; x_wconf 87' lang='lat' dir='ltr'><strong><em>ac</em></strong></span> <span class='ocrx_word' id='word_1_288' title='bbox 761 1632 864 1660; x_wconf 83' lang='lat' dir='ltr'><strong><em>denote</em></strong></span> <span class='ocrx_word' id='word_1_289' title='bbox 884 1632 1030 1660; x_wconf 75' lang='lat' dir='ltr'><strong><em>tenebitur</em></strong></span> <span class='ocrx_word' id='word_1_290' title='bbox 1051 1632 1100 1661; x_wconf 80' lang='lat' dir='ltr'><strong><em>ol)-</em></strong></span> 
     </span>
     <span class='ocr_line' id='line_1_35' title="bbox 64 1673 1098 1711; baseline 0.002 -10"><span class='ocrx_word' id='word_1_291' title='bbox 64 1675 184 1701; x_wconf 78' lang='lat' dir='ltr'><strong><em>seruari</em></strong></span> <span class='ocrx_word' id='word_1_292' title='bbox 199 1695 206 1702; x_wconf 90' lang='lat'><strong>.</strong></span> <span class='ocrx_word' id='word_1_293' title='bbox 221 1673 375 1702; x_wconf 86' lang='lat' dir='ltr'><strong><em>Predictas</em></strong></span> <span class='ocrx_word' id='word_1_294' title='bbox 392 1681 489 1702; x_wconf 84' lang='lat' dir='ltr'><strong><em>autem</em></strong></span> <span class='ocrx_word' id='word_1_295' title='bbox 501 1673 618 1711; x_wconf 81' lang='lat' dir='ltr'><strong><em>septem</em></strong></span> <span class='ocrx_word' id='word_1_296' title='bbox 633 1684 750 1702; x_wconf 80' lang='lat' dir='ltr'><strong><em>marcas</em></strong></span> <span class='ocrx_word' id='word_1_297' title='bbox 764 1676 884 1710; x_wconf 80' lang='lat' dir='ltr'><strong><em>argenti</em></strong></span> <span class='ocrx_word' id='word_1_298' title='bbox 898 1676 931 1702; x_wconf 85' lang='lat' dir='ltr'><strong><em>in</em></strong></span> <span class='ocrx_word' id='word_1_299' title='bbox 945 1676 1073 1703; x_wconf 68' lang='lat' dir='ltr'><strong><em>Wmulx</em></strong></span> <span class='ocrx_word' id='word_1_300' title='bbox 1091 1694 1098 1703; x_wconf 87' lang='lat'><strong>.</strong></span> 
     </span>
     <span class='ocr_line' id='line_1_36' title="bbox 66 1713 1102 1756; baseline 0.001 -13"><span class='ocrx_word' id='word_1_301' title='bbox 66 1713 159 1743; x_wconf 85' lang='lat' dir='ltr'><strong><em>abbas</em></strong></span> <span class='ocrx_word' id='word_1_302' title='bbox 183 1713 284 1751; x_wconf 82' lang='lat' dir='ltr'><strong><em>nostri</em></strong></span> <span class='ocrx_word' id='word_1_303' title='bbox 312 1715 484 1754; x_wconf 79' lang='lat' dir='ltr'><strong><em>monasterii</em></strong></span> <span class='ocrx_word' id='word_1_304' title='bbox 506 1736 514 1744; x_wconf 89' lang='lat'><strong>.</strong></span> <span class='ocrx_word' id='word_1_305' title='bbox 536 1718 589 1754; x_wconf 81' lang='lat' dir='ltr'><strong><em>qni</em></strong></span> <span class='ocrx_word' id='word_1_306' title='bbox 615 1727 673 1752; x_wconf 86' lang='lat' dir='ltr'><strong><em>pro</em></strong></span> <span class='ocrx_word' id='word_1_307' title='bbox 697 1723 826 1752; x_wconf 84' lang='lat' dir='ltr'><strong><em>tempore</em></strong></span> <span class='ocrx_word' id='word_1_308' title='bbox 839 1717 947 1756; x_wconf 86' lang='lat' dir='ltr'><strong><em>fuerit</em></strong></span> <span class='ocrx_word' id='word_1_309' title='bbox 968 1718 1102 1752; x_wconf 87' lang='lat' dir='ltr'><strong><em>recipere</em></strong></span> 
     </span>
     <span class='ocr_line' id='line_1_37' title="bbox 64 1755 1100 1796; baseline 0.002 -12"><span class='ocrx_word' id='word_1_310' title='bbox 64 1755 213 1784; x_wconf 75' lang='lat' dir='ltr'><strong><em>tenebitur</em></strong></span> <span class='ocrx_word' id='word_1_311' title='bbox 243 1777 251 1785; x_wconf 91' lang='lat'><strong><em>.</em></strong></span> <span class='ocrx_word' id='word_1_312' title='bbox 285 1759 318 1785; x_wconf 83' lang='lat' dir='ltr'><strong><em>in</em></strong></span> <span class='ocrx_word' id='word_1_313' title='bbox 347 1759 505 1786; x_wconf 80' lang='lat' dir='ltr'><strong><em>utilitatem</em></strong></span> <span class='ocrx_word' id='word_1_314' title='bbox 532 1757 628 1796; x_wconf 80' lang='lat' dir='ltr'><strong><em>nostri</em></strong></span> <span class='ocrx_word' id='word_1_315' title='bbox 655 1757 822 1796; x_wconf 55' lang='lat' dir='ltr'><strong><em>monasterii</em></strong></span> <span class='ocrx_word' id='word_1_316' title='bbox 849 1758 1063 1787; x_wconf 80' lang='lat' dir='ltr'><strong><em>conuertendas</em></strong></span> <span class='ocrx_word' id='word_1_317' title='bbox 1092 1780 1100 1788; x_wconf 92' lang='lat'><strong>.</strong></span> 
     </span>
     <span class='ocr_line' id='line_1_38' title="bbox 69 1797 1099 1839; baseline 0.003 -13"><span class='ocrx_word' id='word_1_318' title='bbox 69 1797 112 1827; x_wconf 78' lang='lat' dir='ltr'><strong><em>Vt</em></strong></span> <span class='ocrx_word' id='word_1_319' title='bbox 132 1806 228 1827; x_wconf 85' lang='lat' dir='ltr'><strong><em>autem</em></strong></span> <span class='ocrx_word' id='word_1_320' title='bbox 240 1799 383 1835; x_wconf 80' lang='lat' dir='ltr'><strong><em>predicta</em></strong></span> <span class='ocrx_word' id='word_1_321' title='bbox 397 1799 498 1838; x_wconf 79' lang='lat' dir='ltr'><strong><em>missa</em></strong></span> <span class='ocrx_word' id='word_1_322' title='bbox 514 1821 521 1829; x_wconf 91' lang='lat'><strong>.</strong></span> <span class='ocrx_word' id='word_1_323' title='bbox 537 1801 711 1830; x_wconf 84' lang='lat' dir='ltr'><strong><em>nullatenus</em></strong></span> <span class='ocrx_word' id='word_1_324' title='bbox 731 1800 768 1829; x_wconf 87' lang='lat' dir='ltr'><strong><em>ab</em></strong></span> <span class='ocrx_word' id='word_1_325' title='bbox 788 1801 884 1839; x_wconf 87' lang='lat' dir='ltr'><strong><em>aliquo</em></strong></span> <span class='ocrx_word' id='word_1_326' title='bbox 902 1801 1077 1837; x_wconf 78' lang='lat' dir='ltr'><strong><em>negligatur</em></strong></span> <span class='ocrx_word' id='word_1_327' title='bbox 1092 1821 1099 1829; x_wconf 93' lang='lat'>.</span> 
     </span>
     <span class='ocr_line' id='line_1_39' title="bbox 67 1839 1102 1881; baseline 0.003 -13"><span class='ocrx_word' id='word_1_328' title='bbox 67 1839 106 1869; x_wconf 77' lang='lat' dir='ltr'><strong><em>de</em></strong></span> <span class='ocrx_word' id='word_1_329' title='bbox 126 1839 201 1877; x_wconf 81' lang='lat' dir='ltr'><strong><em>ipsa</em></strong></span> <span class='ocrx_word' id='word_1_330' title='bbox 220 1840 350 1870; x_wconf 84' lang='lat' dir='ltr'><strong><em>dicenda</em></strong></span> <span class='ocrx_word' id='word_1_331' title='bbox 363 1841 426 1879; x_wconf 87' lang='lat' dir='ltr'><strong><em>seu</em></strong></span> <span class='ocrx_word' id='word_1_332' title='bbox 448 1842 627 1872; x_wconf 84' lang='lat' dir='ltr'><strong><em>celebranda</em></strong></span> <span class='ocrx_word' id='word_1_333' title='bbox 644 1850 788 1879; x_wconf 81' lang='lat' dir='ltr'><strong><em>perpetuo</em></strong></span> <span class='ocrx_word' id='word_1_334' title='bbox 806 1845 838 1871; x_wconf 79' lang='lat' dir='ltr'><strong><em>ia</em></strong></span> <span class='ocrx_word' id='word_1_335' title='bbox 854 1841 957 1881; x_wconf 82' lang='lat' dir='ltr'><strong><em>nostra</em></strong></span> <span class='ocrx_word' id='word_1_336' title='bbox 973 1841 1102 1880; x_wconf 85' lang='lat' dir='ltr'><strong><em>ecclesia</em></strong></span> 
     </span>
     <span class='ocr_line' id='line_1_40' title="bbox 60 1882 1101 1922; baseline 0.002 -11"><span class='ocrx_word' id='word_1_337' title='bbox 60 1882 206 1919; x_wconf 74' lang='lat' dir='ltr'><strong><em>predicta</em></strong></span> <span class='ocrx_word' id='word_1_338' title='bbox 229 1903 237 1911; x_wconf 75' lang='lat'>‚</span> <span class='ocrx_word' id='word_1_339' title='bbox 262 1891 288 1912; x_wconf 84' lang='lat' dir='ltr'><strong><em>et</em></strong></span> <span class='ocrx_word' id='word_1_340' title='bbox 309 1885 341 1912; x_wconf 82' lang='lat' dir='ltr'><strong><em>in</em></strong></span> <span class='ocrx_word' id='word_1_341' title='bbox 364 1885 461 1913; x_wconf 86' lang='lat' dir='ltr'><strong><em>altari</em></strong></span> <span class='ocrx_word' id='word_1_342' title='bbox 477 1885 616 1920; x_wconf 84' lang='lat' dir='ltr'><strong><em>predicto</em></strong></span> <span class='ocrx_word' id='word_1_343' title='bbox 639 1907 647 1914; x_wconf 88' lang='lat'><strong>.</strong></span> <span class='ocrx_word' id='word_1_344' title='bbox 673 1885 794 1914; x_wconf 82' lang='lat' dir='ltr'><strong><em>cottidie</em></strong></span> <span class='ocrx_word' id='word_1_345' title='bbox 815 1885 862 1913; x_wconf 85' lang='lat' dir='ltr'><strong><em>vel</em></strong></span> <span class='ocrx_word' id='word_1_346' title='bbox 875 1884 1015 1922; x_wconf 79' lang='lat' dir='ltr'><strong><em>siugulis</em></strong></span> <span class='ocrx_word' id='word_1_347' title='bbox 1038 1885 1101 1913; x_wconf 82' lang='lat' dir='ltr'><strong><em>clie-</em></strong></span> 
     </span>
     <span class='ocr_line' id='line_1_41' title="bbox 67 1924 1103 1964; baseline 0.003 -11"><span class='ocrx_word' id='word_1_348' title='bbox 67 1924 121 1953; x_wconf 78' lang='lat' dir='ltr'><strong><em>bns</em></strong></span> <span class='ocrx_word' id='word_1_349' title='bbox 139 1936 198 1961; x_wconf 82' lang='lat' dir='ltr'><strong><em>per</em></strong></span> <span class='ocrx_word' id='word_1_350' title='bbox 219 1936 314 1954; x_wconf 80' lang='lat' dir='ltr'><strong><em>annos</em></strong></span> <span class='ocrx_word' id='word_1_351' title='bbox 326 1925 473 1963; x_wconf 79' lang='lat' dir='ltr'><strong><em>singulos</em></strong></span> <span class='ocrx_word' id='word_1_352' title='bbox 492 1948 499 1955; x_wconf 92' lang='lat'>.</span> <span class='ocrx_word' id='word_1_353' title='bbox 512 1926 720 1964; x_wconf 63' lang='lat' dir='ltr'><strong><em>singulariter</em></strong></span> <span class='ocrx_word' id='word_1_354' title='bbox 733 1938 830 1956; x_wconf 85' lang='lat' dir='ltr'><strong><em>omnes</em></strong></span> <span class='ocrx_word' id='word_1_355' title='bbox 844 1928 1001 1963; x_wconf 89' lang='lat' dir='ltr'><strong><em>corporale</em></strong></span> <span class='ocrx_word' id='word_1_356' title='bbox 1010 1939 1103 1964; x_wconf 85' lang='lat' dir='ltr'><strong><em>prae-</em></strong></span> 
     </span>
     <span class='ocr_line' id='line_1_42' title="bbox 59 1965 1102 2009; baseline 0.004 -14"><span class='ocrx_word' id='word_1_357' title='bbox 59 1965 197 2005; x_wconf 83' lang='lat' dir='ltr'><strong><em>stitimus</em></strong></span> <span class='ocrx_word' id='word_1_358' title='bbox 224 1969 421 1997; x_wconf 83' lang='lat' dir='ltr'><strong><em>iuramentum</em></strong></span> <span class='ocrx_word' id='word_1_359' title='bbox 453 1992 460 1999; x_wconf 94' lang='lat'><strong><em>.</em></strong></span> <span class='ocrx_word' id='word_1_360' title='bbox 493 1969 680 1998; x_wconf 83' lang='lat' dir='ltr'><strong><em>Addicimus</em></strong></span> <span class='ocrx_word' id='word_1_361' title='bbox 709 1968 836 2006; x_wconf 76' lang='lat' dir='ltr'><strong><em>insuper</em></strong></span> <span class='ocrx_word' id='word_1_362' title='bbox 857 1968 976 2009; x_wconf 85' lang='lat' dir='ltr'><strong><em>statuto</em></strong></span> <span class='ocrx_word' id='word_1_363' title='bbox 997 1969 1102 2007; x_wconf 89' lang='lat' dir='ltr'><strong><em>nostro</em></strong></span> 
     </span>
     <span class='ocr_line' id='line_1_43' title="bbox 62 2008 1101 2049; baseline 0.004 -11"><span class='ocrx_word' id='word_1_364' title='bbox 62 2008 202 2046; x_wconf 78' lang='lat' dir='ltr'><strong><em>predicto</em></strong></span> <span class='ocrx_word' id='word_1_365' title='bbox 227 2030 234 2038; x_wconf 89' lang='lat'>.</span> <span class='ocrx_word' id='word_1_366' title='bbox 255 2018 289 2039; x_wconf 84' lang='lat' dir='ltr'><strong><em>ut</em></strong></span> <span class='ocrx_word' id='word_1_367' title='bbox 307 2011 413 2039; x_wconf 52' lang='lat' dir='ltr'><strong><em>&#39;nullus</em></strong></span> <span class='ocrx_word' id='word_1_368' title='bbox 433 2010 612 2049; x_wconf 87' lang='lat' dir='ltr'><strong><em>monasterii</em></strong></span> <span class='ocrx_word' id='word_1_369' title='bbox 637 2011 739 2049; x_wconf 77' lang='lat' dir='ltr'><strong><em>nostri</em></strong></span> <span class='ocrx_word' id='word_1_370' title='bbox 757 2011 891 2047; x_wconf 80' lang='lat' dir='ltr'><strong><em>predicti</em></strong></span> <span class='ocrx_word' id='word_1_371' title='bbox 911 2011 1071 2041; x_wconf 72' lang='lat' dir='ltr'><strong><em>monachus</em></strong></span> <span class='ocrx_word' id='word_1_372' title='bbox 1093 2033 1101 2042; x_wconf 88' lang='lat'><strong><em>.</em></strong></span> 
     </span>
     <span class='ocr_line' id='line_1_44' title="bbox 66 2050 1102 2091; baseline 0.003 -11"><span class='ocrx_word' id='word_1_373' title='bbox 66 2050 151 2080; x_wconf 80' lang='lat' dir='ltr'><strong><em>debet</em></strong></span> <span class='ocrx_word' id='word_1_374' title='bbox 170 2051 279 2081; x_wconf 76' lang='lat' dir='ltr'><strong><em>hahere</em></strong></span> <span class='ocrx_word' id='word_1_375' title='bbox 301 2052 338 2081; x_wconf 86' lang='lat' dir='ltr'><strong><em>de</em></strong></span> <span class='ocrx_word' id='word_1_376' title='bbox 357 2061 452 2082; x_wconf 88' lang='lat' dir='ltr'><strong><em>cetero</em></strong></span> <span class='ocrx_word' id='word_1_377' title='bbox 474 2075 481 2082; x_wconf 89' lang='lat'>.</span> <span class='ocrx_word' id='word_1_378' title='bbox 496 2053 629 2091; x_wconf 85' lang='lat' dir='ltr'><strong><em>stallum</em></strong></span> <span class='ocrx_word' id='word_1_379' title='bbox 650 2057 685 2083; x_wconf 75' lang='lat' dir='ltr'><strong><em>in</em></strong></span> <span class='ocrx_word' id='word_1_380' title='bbox 707 2053 795 2083; x_wconf 82' lang='lat' dir='ltr'><strong><em>cltoro</em></strong></span> <span class='ocrx_word' id='word_1_381' title='bbox 819 2061 845 2081; x_wconf 75' lang='lat' dir='ltr'><strong><em>et</em></strong></span> <span class='ocrx_word' id='word_1_382' title='bbox 867 2055 960 2083; x_wconf 89' lang='lat' dir='ltr'><strong><em>locum</em></strong></span> <span class='ocrx_word' id='word_1_383' title='bbox 981 2055 1030 2083; x_wconf 83' lang='lat' dir='ltr'><strong><em>uel</em></strong></span> <span class='ocrx_word' id='word_1_384' title='bbox 1048 2066 1102 2083; x_wconf 67' lang='lat' dir='ltr'><strong><em>‘uo-</em></strong></span> 
     </span>
     <span class='ocr_line' id='line_1_45' title="bbox 65 2095 1103 2134; baseline 0.001 -10"><span class='ocrx_word' id='word_1_385' title='bbox 65 2104 128 2124; x_wconf 83' lang='lat' dir='ltr'><strong><em>cem</em></strong></span> <span class='ocrx_word' id='word_1_386' title='bbox 148 2096 181 2123; x_wconf 75' lang='lat' dir='ltr'><strong><em>in</em></strong></span> <span class='ocrx_word' id='word_1_387' title='bbox 205 2096 348 2131; x_wconf 82' lang='lat' dir='ltr'><strong><em>Capitulo</em></strong></span> <span class='ocrx_word' id='word_1_388' title='bbox 366 2095 470 2133; x_wconf 81' lang='lat' dir='ltr'><strong><em>nostro</em></strong></span> <span class='ocrx_word' id='word_1_389' title='bbox 499 2118 507 2126; x_wconf 85' lang='lat'><strong>.</strong></span> <span class='ocrx_word' id='word_1_390' title='bbox 538 2095 606 2134; x_wconf 74' lang='lat' dir='ltr'><strong><em>nisi</em></strong></span> <span class='ocrx_word' id='word_1_391' title='bbox 627 2099 718 2133; x_wconf 81' lang='lat' dir='ltr'><strong><em>prius</em></strong></span> <span class='ocrx_word' id='word_1_392' title='bbox 741 2096 778 2124; x_wconf 85' lang='lat' dir='ltr'><strong><em>de</em></strong></span> <span class='ocrx_word' id='word_1_393' title='bbox 799 2096 927 2125; x_wconf 85' lang='lat' dir='ltr'><strong><em>dicenda</em></strong></span> <span class='ocrx_word' id='word_1_394' title='bbox 942 2095 1004 2134; x_wconf 81' lang='lat' dir='ltr'><strong><em>seu</em></strong></span> <span class='ocrx_word' id='word_1_395' title='bbox 1025 2098 1103 2126; x_wconf 86' lang='lat' dir='ltr'><strong><em>cele-</em></strong></span> 
     </span>
     <span class='ocr_line' id='line_1_46' title="bbox 67 2135 1104 2176; baseline 0.003 -11"><span class='ocrx_word' id='word_1_396' title='bbox 67 2135 189 2165; x_wconf 81' lang='lat' dir='ltr'><strong><em>branda</em></strong></span> <span class='ocrx_word' id='word_1_397' title='bbox 213 2137 291 2166; x_wconf 87' lang='lat' dir='ltr'><strong><em>dicta</em></strong></span> <span class='ocrx_word' id='word_1_398' title='bbox 313 2137 414 2176; x_wconf 69' lang='lat' dir='ltr'><strong><em>missa</em></strong></span> <span class='ocrx_word' id='word_1_399' title='bbox 436 2141 467 2167; x_wconf 83' lang='lat' dir='ltr'><strong><em>in</em></strong></span> <span class='ocrx_word' id='word_1_400' title='bbox 490 2138 598 2167; x_wconf 79' lang='lat' dir='ltr'><strong><em>ordine</em></strong></span> <span class='ocrx_word' id='word_1_401' title='bbox 618 2141 690 2168; x_wconf 76' lang='lat' dir='ltr'><strong><em>vicis</em></strong></span> <span class='ocrx_word' id='word_1_402' title='bbox 709 2137 772 2176; x_wconf 83' lang='lat' dir='ltr'><strong><em>sue</em></strong></span> <span class='ocrx_word' id='word_1_403' title='bbox 794 2141 877 2167; x_wconf 84' lang='lat' dir='ltr'><strong><em>tactis</em></strong></span> <span class='ocrx_word' id='word_1_404' title='bbox 893 2137 1104 2176; x_wconf 81' lang='lat' dir='ltr'><strong><em>sacrosanctis</em></strong></span> 
     </span>
     <span class='ocr_line' id='line_1_47' title="bbox 68 2179 1104 2218; baseline 0.003 -11"><span class='ocrx_word' id='word_1_405' title='bbox 68 2180 236 2216; x_wconf 82' lang='lat' dir='ltr'><strong><em>ewangeliis</em></strong></span> <span class='ocrx_word' id='word_1_406' title='bbox 256 2179 421 2218; x_wconf 82' lang='lat' dir='ltr'><strong><em>prestiterit</em></strong></span> <span class='ocrx_word' id='word_1_407' title='bbox 449 2181 643 2217; x_wconf 81' lang='lat' dir='ltr'><strong><em>corporaliter</em></strong></span> <span class='ocrx_word' id='word_1_408' title='bbox 669 2183 864 2209; x_wconf 81' lang='lat' dir='ltr'><strong><em>iuramentum</em></strong></span> <span class='ocrx_word' id='word_1_409' title='bbox 895 2202 903 2209; x_wconf 91' lang='lat'><strong>.</strong></span> <span class='ocrx_word' id='word_1_410' title='bbox 931 2181 1104 2210; x_wconf 85' lang='lat' dir='ltr'><strong><em>Predictum</em></strong></span> 
     </span>
     <span class='ocr_line' id='line_1_48' title="bbox 68 2221 1104 2260; baseline 0.004 -12"><span class='ocrx_word' id='word_1_411' title='bbox 68 2231 174 2259; x_wconf 78' lang='lat' dir='ltr'><strong><em>quoque</em></strong></span> <span class='ocrx_word' id='word_1_412' title='bbox 195 2221 348 2259; x_wconf 81' lang='lat' dir='ltr'><strong><em>statutum</em></strong></span> <span class='ocrx_word' id='word_1_413' title='bbox 373 2221 512 2260; x_wconf 81' lang='lat' dir='ltr'><strong><em>nostrum.</em></strong></span> <span class='ocrx_word' id='word_1_414' title='bbox 541 2244 549 2252; x_wconf 85' lang='grc'><strong>.</strong></span> <span class='ocrx_word' id='word_1_415' title='bbox 578 2231 610 2252; x_wconf 83' lang='lat' dir='ltr'><strong><em>ut</em></strong></span> <span class='ocrx_word' id='word_1_416' title='bbox 633 2223 726 2252; x_wconf 83' lang='lat' dir='ltr'><strong><em>robur</em></strong></span> <span class='ocrx_word' id='word_1_417' title='bbox 748 2223 876 2252; x_wconf 81' lang='lat' dir='ltr'><strong><em>obtineat</em></strong></span> <span class='ocrx_word' id='word_1_418' title='bbox 894 2231 1073 2259; x_wconf 81' lang='lat' dir='ltr'><strong><em>perpetuum</em></strong></span> <span class='ocrx_word' id='word_1_419' title='bbox 1096 2247 1104 2255; x_wconf 89' lang='lat'><em>.</em></span> 
     </span>
     <span class='ocr_line' id='line_1_49' title="bbox 62 2261 1059 2302; baseline 0.004 -11"><span class='ocrx_word' id='word_1_420' title='bbox 62 2261 239 2300; x_wconf 67' lang='lat' dir='ltr'><strong><em>sigillorum</em></strong></span> <span class='ocrx_word' id='word_1_421' title='bbox 279 2264 452 2302; x_wconf 85' lang='lat' dir='ltr'><strong><em>nostrorum</em></strong></span> <span class='ocrx_word' id='word_1_422' title='bbox 485 2267 645 2294; x_wconf 84' lang='lat' dir='ltr'><strong><em>munimine</em></strong></span> <span class='ocrx_word' id='word_1_423' title='bbox 681 2266 826 2295; x_wconf 65' lang='lat' dir='ltr'><strong><em>duximus</em></strong></span> <span class='ocrx_word' id='word_1_424' title='bbox 861 2265 1059 2295; x_wconf 84' lang='lat' dir='ltr'><strong><em>roborandum</em></strong></span> 
     </span>
    </p>
   </div>
   <div class='ocr_carea' id='block_1_3' title="bbox 68 2304 1103 2390">
    <p class='ocr_par' dir='ltr' id='par_1_3' title="bbox 68 2304 1103 2390">
     <span class='ocr_line' id='line_1_50' title="bbox 68 2304 1103 2348; baseline 0.007 -16"><span class='ocrx_word' id='word_1_425' title='bbox 68 2304 181 2334; x_wconf 78' lang='lat' dir='ltr'><strong><em>‚Actum</em></strong></span> <span class='ocrx_word' id='word_1_426' title='bbox 203 2313 230 2334; x_wconf 85' lang='lat' dir='ltr'><strong><em>et</em></strong></span> <span class='ocrx_word' id='word_1_427' title='bbox 254 2306 356 2336; x_wconf 85' lang='lat' dir='ltr'><strong><em>datum</em></strong></span> <span class='ocrx_word' id='word_1_428' title='bbox 380 2317 511 2338; x_wconf 78' lang='lat' dir='ltr'><strong><em>PtGAUlE</em></strong></span> <span class='ocrx_word' id='word_1_429' title='bbox 544 2329 552 2337; x_wconf 91' lang='lat'><em>.</em></span> <span class='ocrx_word' id='word_1_430' title='bbox 583 2308 680 2338; x_wconf 81' lang='lat' dir='ltr'><strong><em>Anno</em></strong></span> <span class='ocrx_word' id='word_1_431' title='bbox 703 2308 814 2337; x_wconf 84' lang='lat' dir='ltr'><strong><em>domini</em></strong></span> <span class='ocrx_word' id='word_1_432' title='bbox 834 2307 1014 2338; x_wconf 78' lang='lat' dir='ltr'><em>M.GGG.V.</em></span> <span class='ocrx_word' id='word_1_433' title='bbox 1040 2308 1103 2348; x_wconf 88' lang='lat' dir='ltr'><strong><em>IIj.</em></strong></span> 
     </span>
     <span class='ocr_line' id='line_1_51' title="bbox 69 2345 566 2390; baseline 0.008 -15"><span class='ocrx_word' id='word_1_434' title='bbox 69 2345 148 2376; x_wconf 85' lang='lat' dir='ltr'><strong><em>Idus</em></strong></span> <span class='ocrx_word' id='word_1_435' title='bbox 167 2348 260 2378; x_wconf 84' lang='lat' dir='ltr'><strong><em>Junii</em></strong></span> <span class='ocrx_word' id='word_1_436' title='bbox 281 2369 290 2379; x_wconf 88' lang='lat'><em>.</em></span> <span class='ocrx_word' id='word_1_437' title='bbox 311 2350 484 2379; x_wconf 87' lang='lat' dir='ltr'><strong><em>Indictione</em></strong></span> <span class='ocrx_word' id='word_1_438' title='bbox 499 2350 566 2390; x_wconf 86' lang='lat' dir='ltr'><strong><em>IIj.</em></strong></span> 
     </span>
    </p>
   </div>
   <div class='ocr_carea' id='block_1_4' title="bbox 951 1336 1100 1375">
    <p class='ocr_par' dir='ltr' id='par_1_4' title="bbox 951 1336 1100 1375">
     <span class='ocr_line' id='line_1_52' title="bbox 951 1336 1100 1375; baseline 0 -10"><span class='ocrx_word' id='word_1_439' title='bbox 951 1336 1014 1375; x_wconf 78' lang='lat' dir='ltr'><strong><em>nost</em></strong></span> <span class='ocrx_word' id='word_1_440' title='bbox 1017 1340 1100 1375; x_wconf 80' lang='lat' dir='ltr'><strong><em>rique</em></strong></span> 
     </span>
    </p>
   </div>
   <div class='ocr_carea' id='block_1_5' title="bbox 484 2417 645 2422">
    <p class='ocr_par' dir='ltr' id='par_1_5' title="bbox 484 2417 645 2422">
     <span class='ocr_line' id='line_1_53' title="bbox 484 2417 645 2422; baseline 0 0"><span class='ocrx_word' id='word_1_441' title='bbox 484 2417 645 2422; x_wconf 95' lang='lat' dir='ltr'><strong><em> </em></strong></span> 
     </span>
    </p>
   </div>
   <div class='ocr_carea' id='block_1_6' title="bbox 70 2448 1105 2614">
    <p class='ocr_par' dir='ltr' id='par_1_6' title="bbox 70 2448 1105 2614">
     <span class='ocr_line' id='line_1_54' title="bbox 70 2448 1105 2489; baseline 0.005 -14"><span class='ocrx_word' id='word_1_442' title='bbox 70 2448 103 2476; x_wconf 84' lang='lat'><strong><em>111</em></strong></span> <span class='ocrx_word' id='word_1_443' title='bbox 119 2449 292 2477; x_wconf 79' lang='lat' dir='ltr'><strong><em>membrana.</em></strong></span> <span class='ocrx_word' id='word_1_444' title='bbox 303 2467 339 2471; x_wconf 92' lang='lat'><strong>—</strong></span> <span class='ocrx_word' id='word_1_445' title='bbox 358 2451 491 2479; x_wconf 75' lang='lat' dir='ltr'><strong><em>Pendent</em></strong></span> <span class='ocrx_word' id='word_1_446' title='bbox 506 2452 563 2479; x_wconf 89' lang='lat' dir='ltr'><strong><em>duo</em></strong></span> <span class='ocrx_word' id='word_1_447' title='bbox 580 2453 672 2489; x_wconf 80' lang='lat' dir='ltr'><strong><em>sigilla</em></strong></span> <span class='ocrx_word' id='word_1_448' title='bbox 688 2461 703 2480; x_wconf 87' lang='lat' dir='ltr'><strong><em>e</em></strong></span> <span class='ocrx_word' id='word_1_449' title='bbox 719 2452 773 2480; x_wconf 78' lang='lat' dir='ltr'><strong><em>filis</em></strong></span> <span class='ocrx_word' id='word_1_450' title='bbox 789 2453 881 2480; x_wconf 79' lang='lat' dir='ltr'><strong><em>rubris</em></strong></span> <span class='ocrx_word' id='word_1_451' title='bbox 896 2453 1003 2488; x_wconf 78' lang='lat' dir='ltr'><strong><em>sericis,</em></strong></span> <span class='ocrx_word' id='word_1_452' title='bbox 1018 2454 1105 2481; x_wconf 83' lang='lat' dir='ltr'>abba·</span> 
     </span>
     <span class='ocr_line' id='line_1_55' title="bbox 112 2491 1105 2531; baseline 0.006 -14"><span class='ocrx_word' id='word_1_453' title='bbox 112 2491 148 2517; x_wconf 82' lang='lat' dir='ltr'><strong><em>n&#39;s</em></strong></span> <span class='ocrx_word' id='word_1_454' title='bbox 164 2491 334 2528; x_wconf 78' lang='lat' dir='ltr'><strong><em>oblongum,</em></strong></span> <span class='ocrx_word' id='word_1_455' title='bbox 353 2499 508 2520; x_wconf 77' lang='lat' dir='ltr'><strong><em>conventus</em></strong></span> <span class='ocrx_word' id='word_1_456' title='bbox 525 2494 689 2522; x_wconf 82' lang='lat' dir='ltr'><strong><em>rotundum.</em></strong></span> <span class='ocrx_word' id='word_1_457' title='bbox 706 2511 744 2514; x_wconf 96' lang='lat'><strong>—</strong></span> <span class='ocrx_word' id='word_1_458' title='bbox 769 2495 829 2523; x_wconf 74' lang='lat' dir='ltr'><strong><em>Csr.</em></strong></span> <span class='ocrx_word' id='word_1_459' title='bbox 845 2495 1000 2531; x_wconf 72' lang='lat' dir='ltr'><strong><em>Ludewig,</em></strong></span> <span class='ocrx_word' id='word_1_460' title='bbox 1016 2495 1051 2522; x_wconf 83' lang='lat' dir='ltr'><strong><em>R.</em></strong></span> <span class='ocrx_word' id='word_1_461' title='bbox 1066 2496 1105 2523; x_wconf 85' lang='lat' dir='ltr'><strong><em>M.</em></strong></span> 
     </span>
     <span class='ocr_line' id='line_1_56' title="bbox 112 2531 1105 2574; baseline 0.004 -14"><span class='ocrx_word' id='word_1_462' title='bbox 112 2541 142 2568; x_wconf 91' lang='lat' dir='ltr'><strong><em>p.</em></strong></span> <span class='ocrx_word' id='word_1_463' title='bbox 165 2531 236 2562; x_wconf 81' lang='grc'>262.</span> <span class='ocrx_word' id='word_1_464' title='bbox 265 2533 321 2561; x_wconf 83' lang='lat' dir='ltr'><strong><em>No.</em></strong></span> <span class='ocrx_word' id='word_1_465' title='bbox 344 2534 378 2563; x_wconf 87' lang='lat' dir='ltr'><strong><em>L.</em></strong></span> <span class='ocrx_word' id='word_1_466' title='bbox 405 2535 542 2562; x_wconf 76' lang='lat' dir='ltr'><strong><em>mendose</em></strong></span> <span class='ocrx_word' id='word_1_467' title='bbox 570 2537 622 2563; x_wconf 89' lang='lat' dir='ltr'><strong><em>sub</em></strong></span> <span class='ocrx_word' id='word_1_468' title='bbox 650 2545 694 2564; x_wconf 84' lang='lat' dir='ltr'><strong><em>ao.</em></strong></span> <span class='ocrx_word' id='word_1_469' title='bbox 719 2535 810 2567; x_wconf 82' lang='lat'>1308.</span> <span class='ocrx_word' id='word_1_470' title='bbox 844 2554 879 2559; x_wconf 84' lang='lat'>—</span> <span class='ocrx_word' id='word_1_471' title='bbox 917 2536 1105 2574; x_wconf 80' lang='lat' dir='ltr'><strong><em>Schoettgen,</em></strong></span> 
     </span>
     <span class='ocr_line' id='line_1_57' title="bbox 112 2573 619 2614; baseline 0.01 -14"><span class='ocrx_word' id='word_1_472' title='bbox 112 2574 171 2602; x_wconf 80' lang='lat' dir='ltr'><strong><em>vita</em></strong></span> <span class='ocrx_word' id='word_1_473' title='bbox 186 2574 278 2612; x_wconf 85' lang='lat' dir='ltr'><strong><em>Wipr.</em></strong></span> <span class='ocrx_word' id='word_1_474' title='bbox 293 2584 322 2612; x_wconf 91' lang='lat' dir='ltr'><strong><em>p.</em></strong></span> <span class='ocrx_word' id='word_1_475' title='bbox 337 2573 386 2606; x_wconf 85' lang='lat'><strong><em>38.</em></strong></span> <span class='ocrx_word' id='word_1_476' title='bbox 403 2577 465 2605; x_wconf 90' lang='lat' dir='ltr'><strong><em>cod.</em></strong></span> <span class='ocrx_word' id='word_1_477' title='bbox 481 2577 564 2614; x_wconf 83' lang='lat' dir='ltr'><strong><em>prob.</em></strong></span> <span class='ocrx_word' id='word_1_478' title='bbox 583 2594 619 2599; x_wconf 90' lang='lat'><strong><em>—-</em></strong></span> 
     </span>
    </p>
   </div>
   <div class='ocr_carea' id='block_1_7' title="bbox 539 1000 1118 1039">
    <p class='ocr_par' dir='ltr' id='par_1_7' title="bbox 539 1000 1118 1039">
     <span class='ocr_line' id='line_1_58' title="bbox 539 1000 1118 1039; baseline -0.003 -9"><span class='ocrx_word' id='word_1_479' title='bbox 539 1023 547 1030; x_wconf 92' lang='lat'><strong><em>.</em></strong></span> <span class='ocrx_word' id='word_1_480' title='bbox 577 1009 610 1030; x_wconf 84' lang='lat' dir='ltr'><strong><em>ut</em></strong></span> <span class='ocrx_word' id='word_1_481' title='bbox 639 1009 797 1030; x_wconf 80' lang='lat' dir='ltr'><strong><em>conuentus</em></strong></span> <span class='ocrx_word' id='word_1_482' title='bbox 826 1000 924 1039; x_wconf 81' lang='lat' dir='ltr'><strong><em>noster</em></strong></span> <span class='ocrx_word' id='word_1_483' title='bbox 948 1001 1118 1037; x_wconf 71' lang='lat' dir='ltr'><strong><em>predictus]</em></strong></span> 
     </span>
    </p>
   </div>
   <div class='ocr_carea' id='block_1_8' title="bbox 427 1293 1118 1334">
    <p class='ocr_par' dir='ltr' id='par_1_8' title="bbox 427 1293 1118 1334">
     <span class='ocr_line' id='line_1_59' title="bbox 427 1293 1118 1334; baseline 0.001 -12"><span class='ocrx_word' id='word_1_484' title='bbox 427 1295 491 1333; x_wconf 74' lang='lat' dir='ltr'><strong><em>Que</em></strong></span> <span class='ocrx_word' id='word_1_485' title='bbox 511 1294 580 1331; x_wconf 67' lang='lat' dir='ltr'><strong><em>l&#39;eae</em></strong></span> <span class='ocrx_word' id='word_1_486' title='bbox 607 1295 724 1323; x_wconf 81' lang='lat' dir='ltr'><strong><em>talenta</em></strong></span> <span class='ocrx_word' id='word_1_487' title='bbox 746 1294 789 1323; x_wconf 86' lang='lat' dir='ltr'><strong><em>ad</em></strong></span> <span class='ocrx_word' id='word_1_488' title='bbox 809 1293 941 1331; x_wconf 80' lang='lat' dir='ltr'><strong><em>mensam</em></strong></span> <span class='ocrx_word' id='word_1_489' title='bbox 958 1295 1118 1334; x_wconf 53' lang='lat' dir='ltr'><strong><em>fratrum*</em></strong></span> 
     </span>
    </p>
   </div>
   <div class='ocr_carea' id='block_1_9' title="bbox 1382 285 1929 324">
    <p class='ocr_par' dir='ltr' id='par_1_9' title="bbox 1382 285 1929 324">
     <span class='ocr_line' id='line_1_60' title="bbox 1382 285 1929 324; baseline 0.005 -3"><span class='ocrx_word' id='word_1_490' title='bbox 1382 285 1491 322; x_wconf 86' lang='lat' dir='ltr'>XXI.</span> <span class='ocrx_word' id='word_1_491' title='bbox 1824 291 1929 324; x_wconf 83' lang='lat'><strong>1311.</strong></span> 
     </span>
    </p>
   </div>
   <div class='ocr_carea' id='block_1_10' title="bbox 1136 343 2173 418">
    <p class='ocr_par' dir='ltr' id='par_1_10' title="bbox 1136 343 2173 418">
     <span class='ocr_line' id='line_1_61' title="bbox 1136 343 2173 387; baseline 0.012 -17"><span class='ocrx_word' id='word_1_492' title='bbox 1136 343 1316 381; x_wconf 74' lang='lat' dir='ltr'><strong><em>Fridericus,</em></strong></span> <span class='ocrx_word' id='word_1_493' title='bbox 1333 345 1477 383; x_wconf 76' lang='lat' dir='ltr'><strong><em>Thuring.</em></strong></span> <span class='ocrx_word' id='word_1_494' title='bbox 1493 346 1611 383; x_wconf 74' lang='lat' dir='ltr'><strong><em>Lantgr.</em></strong></span> <span class='ocrx_word' id='word_1_495' title='bbox 1626 352 1697 384; x_wconf 57' lang='lat' dir='ltr'><strong><em>etc„</em></strong></span> <span class='ocrx_word' id='word_1_496' title='bbox 1720 350 1892 376; x_wconf 77' lang='lat' dir='ltr'><strong><em>monasterio</em></strong></span> <span class='ocrx_word' id='word_1_497' title='bbox 1908 350 2015 387; x_wconf 77' lang='lat' dir='ltr'>Pygav.</span> <span class='ocrx_word' id='word_1_498' title='bbox 2032 352 2137 381; x_wconf 66' lang='lat' dir='ltr'><strong><em>reditus</em></strong></span> <span class='ocrx_word' id='word_1_499' title='bbox 2152 353 2173 384; x_wconf 83' lang='grc'>2</span> 
     </span>
     <span class='ocr_line' id='line_1_62' title="bbox 1178 387 1823 418; baseline 0.006 -4"><span class='ocrx_word' id='word_1_500' title='bbox 1178 395 1339 414; x_wconf 80' lang='lat' dir='ltr'><strong><em>marearum</em></strong></span> <span class='ocrx_word' id='word_1_501' title='bbox 1353 387 1383 414; x_wconf 80' lang='lat' dir='ltr'><strong><em>in</em></strong></span> <span class='ocrx_word' id='word_1_502' title='bbox 1400 389 1466 415; x_wconf 79' lang='lat' dir='ltr'><strong><em>villa</em></strong></span> <span class='ocrx_word' id='word_1_503' title='bbox 1480 388 1653 416; x_wconf 72' lang='lat' dir='ltr'><strong><em>Storkewitz</em></strong></span> <span class='ocrx_word' id='word_1_504' title='bbox 1669 391 1765 418; x_wconf 75' lang='lat' dir='ltr'><strong><em>tradit.</em></strong></span> <span class='ocrx_word' id='word_1_505' title='bbox 1782 405 1823 410; x_wconf 89' lang='grc'>-</span> 
     </span>
    </p>
   </div>
   <div class='ocr_carea' id='block_1_11' title="bbox 1610 455 1730 458">
    <p class='ocr_par' dir='ltr' id='par_1_11' title="bbox 1610 455 1730 458">
     <span class='ocr_line' id='line_1_63' title="bbox 1610 455 1730 458; baseline 0 0"><span class='ocrx_word' id='word_1_506' title='bbox 1610 455 1730 458; x_wconf 95' lang='lat' dir='ltr'><strong><em> </em></strong></span> 
     </span>
    </p>
   </div>
   <div class='ocr_carea' id='block_1_12' title="bbox 1116 483 2175 1534">
    <p class='ocr_par' dir='ltr' id='par_1_12' title="bbox 1116 483 2175 1534">
     <span class='ocr_line' id='line_1_64' title="bbox 1221 483 2174 528; baseline 0.009 -16"><span class='ocrx_word' id='word_1_507' title='bbox 1221 483 1261 513; x_wconf 82' lang='lat' dir='ltr'><strong><em>In</em></strong></span> <span class='ocrx_word' id='word_1_508' title='bbox 1281 487 1401 515; x_wconf 81' lang='lat' dir='ltr'><strong><em>nomine</em></strong></span> <span class='ocrx_word' id='word_1_509' title='bbox 1420 484 1534 515; x_wconf 80' lang='lat' dir='ltr'><strong><em>domini</em></strong></span> <span class='ocrx_word' id='word_1_510' title='bbox 1547 485 1648 514; x_wconf 84' lang='lat' dir='ltr'><strong><em>Amen</em></strong></span> <span class='ocrx_word' id='word_1_511' title='bbox 1670 507 1677 514; x_wconf 90' lang='lat'>.</span> <span class='ocrx_word' id='word_1_512' title='bbox 1700 487 1764 516; x_wconf 84' lang='lat' dir='ltr'><strong><em>Nos</em></strong></span> <span class='ocrx_word' id='word_1_513' title='bbox 1779 490 1979 518; x_wconf 71' lang='lat' dir='ltr'><strong><em>Fnssnmucns</em></strong></span> <span class='ocrx_word' id='word_1_514' title='bbox 2001 489 2050 519; x_wconf 79' lang='lat' dir='ltr'><strong><em>dei</em></strong></span> <span class='ocrx_word' id='word_1_515' title='bbox 2068 494 2174 528; x_wconf 76' lang='lat' dir='ltr'><strong><em>gratia</em></strong></span> 
     </span>
     <span class='ocr_line' id='line_1_65' title="bbox 1141 525 2172 566; baseline 0.01 -12"><span class='ocrx_word' id='word_1_516' title='bbox 1141 525 1309 563; x_wconf 70' lang='lat' dir='ltr'><strong><em>Thuringie</em></strong></span> <span class='ocrx_word' id='word_1_517' title='bbox 1334 528 1556 564; x_wconf 75' lang='lat' dir='ltr'><strong><em>Lantgrani1cs‚</em></strong></span> <span class='ocrx_word' id='word_1_518' title='bbox 1589 527 1764 566; x_wconf 67' lang='lat' dir='ltr'><strong><em>Dlis&#39;ttensis</em></strong></span> <span class='ocrx_word' id='word_1_519' title='bbox 1793 537 1820 558; x_wconf 84' lang='lat' dir='ltr'><strong><em>et</em></strong></span> <span class='ocrx_word' id='word_1_520' title='bbox 1843 530 2010 560; x_wconf 87' lang='lat' dir='ltr'><strong><em>Orientalis</em></strong></span> <span class='ocrx_word' id='word_1_521' title='bbox 2029 533 2172 564; x_wconf 73' lang='lat' dir='ltr'><strong><em>Marchio</em></strong></span> 
     </span>
     <span class='ocr_line' id='line_1_66' title="bbox 1117 567 2173 614; baseline 0.008 -18"><span class='ocrx_word' id='word_1_522' title='bbox 1117 567 1270 598; x_wconf 57' lang='lat' dir='ltr'><strong><em>lomnibus</em></strong></span> <span class='ocrx_word' id='word_1_523' title='bbox 1291 569 1334 598; x_wconf 88' lang='lat' dir='ltr'><strong><em>ad</em></strong></span> <span class='ocrx_word' id='word_1_524' title='bbox 1350 577 1528 606; x_wconf 84' lang='lat' dir='ltr'><strong><em>perpetuam</em></strong></span> <span class='ocrx_word' id='word_1_525' title='bbox 1550 572 1595 598; x_wconf 81' lang='lat' dir='ltr'><strong><em>rei</em></strong></span> <span class='ocrx_word' id='word_1_526' title='bbox 1620 573 1759 600; x_wconf 77' lang='lat' dir='ltr'><strong><em>noticiam</em></strong></span> <span class='ocrx_word' id='word_1_527' title='bbox 1808 573 1856 600; x_wconf 89' lang='lat' dir='ltr'><strong><em>Ne</em></strong></span> <span class='ocrx_word' id='word_1_528' title='bbox 1878 583 1976 602; x_wconf 81' lang='lat' dir='ltr'><strong><em>rerum</em></strong></span> <span class='ocrx_word' id='word_1_529' title='bbox 1996 575 2050 603; x_wconf 84' lang='lat' dir='ltr'><strong><em>Pie</em></strong></span> <span class='ocrx_word' id='word_1_530' title='bbox 2068 575 2173 614; x_wconf 80' lang='lat' dir='ltr'><strong><em>gesta-</em></strong></span> 
     </span>
     <span class='ocr_line' id='line_1_67' title="bbox 1117 611 2172 652; baseline 0.009 -14"><span class='ocrx_word' id='word_1_531' title='bbox 1117 619 1202 639; x_wconf 69' lang='lat' dir='ltr'><strong><em>Jrnm</em></strong></span> <span class='ocrx_word' id='word_1_532' title='bbox 1224 614 1361 641; x_wconf 85' lang='lat' dir='ltr'><strong><em>memoria</em></strong></span> <span class='ocrx_word' id='word_1_533' title='bbox 1378 619 1500 648; x_wconf 80' lang='lat' dir='ltr'><strong><em>pereat,</em></strong></span> <span class='ocrx_word' id='word_1_534' title='bbox 1521 611 1706 647; x_wconf 76' lang='lat' dir='ltr'><strong><em>perlteunari</em></strong></span> <span class='ocrx_word' id='word_1_535' title='bbox 1720 613 1803 650; x_wconf 84' lang='lat' dir='ltr'><strong><em>solet</em></strong></span> <span class='ocrx_word' id='word_1_536' title='bbox 1825 613 1960 652; x_wconf 79' lang='lat' dir='ltr'><strong><em>obsequio</em></strong></span> <span class='ocrx_word' id='word_1_537' title='bbox 1984 617 2142 647; x_wconf 82' lang='lat' dir='ltr'><strong><em>literarum</em></strong></span> <span class='ocrx_word' id='word_1_538' title='bbox 2163 639 2172 649; x_wconf 87' lang='grc'><strong>.</strong></span> 
     </span>
     <span class='ocr_line' id='line_1_68' title="bbox 1117 653 2173 698; baseline 0.009 -18"><span class='ocrx_word' id='word_1_539' title='bbox 1117 653 1188 681; x_wconf 86' lang='grc' dir='ltr'><em>·Ε(ι</em></span> <span class='ocrx_word' id='word_1_540' title='bbox 1212 661 1341 690; x_wconf 79' lang='lat' dir='ltr'><strong><em>propter</em></strong></span> <span class='ocrx_word' id='word_1_541' title='bbox 1368 654 1411 682; x_wconf 88' lang='lat' dir='ltr'><strong><em>ad</em></strong></span> <span class='ocrx_word' id='word_1_542' title='bbox 1438 656 1577 683; x_wconf 81' lang='lat' dir='ltr'><strong><em>noticiam</em></strong></span> <span class='ocrx_word' id='word_1_543' title='bbox 1600 661 1658 682; x_wconf 88' lang='lat' dir='ltr'><strong><em>tam</em></strong></span> <span class='ocrx_word' id='word_1_544' title='bbox 1676 655 1869 692; x_wconf 64' lang='lat' dir='ltr'><strong><em>presencium</em></strong></span> <span class='ocrx_word' id='word_1_545' title='bbox 1892 668 1975 694; x_wconf 80' lang='lat' dir='ltr'><strong><em>qvam</em></strong></span> <span class='ocrx_word' id='word_1_546' title='bbox 1988 660 2173 698; x_wconf 76' lang='lat' dir='ltr'><strong><em>fitturorum</em></strong></span> 
     </span>
     <span class='ocr_line' id='line_1_69' title="bbox 1136 696 2173 738; baseline 0.009 -14"><span class='ocrx_word' id='word_1_547' title='bbox 1136 698 1268 731; x_wconf 82' lang='lat' dir='ltr'><strong><em>cupimus</em></strong></span> <span class='ocrx_word' id='word_1_548' title='bbox 1289 698 1464 731; x_wconf 82' lang='lat' dir='ltr'><strong><em>pervenire,</em></strong></span> <span class='ocrx_word' id='word_1_549' title='bbox 1493 696 1570 734; x_wconf 81' lang='lat' dir='ltr'><strong><em>qvod</em></strong></span> <span class='ocrx_word' id='word_1_550' title='bbox 1598 707 1662 725; x_wconf 83' lang='lat' dir='ltr'><strong><em>cum</em></strong></span> <span class='ocrx_word' id='word_1_551' title='bbox 1685 700 1866 733; x_wconf 67' lang='lat' dir='ltr'><strong><em>ALBnRTts,</em></strong></span> <span class='ocrx_word' id='word_1_552' title='bbox 1893 700 2067 738; x_wconf 69' lang='lat' dir='ltr'><strong><em>Hssxmcus,</em></strong></span> <span class='ocrx_word' id='word_1_553' title='bbox 2091 704 2173 732; x_wconf 66' lang='lat' dir='ltr'><strong><em>Bu-</em></strong></span> 
     </span>
     <span class='ocr_line' id='line_1_70' title="bbox 1117 739 2172 783; baseline 0.008 -17"><span class='ocrx_word' id='word_1_554' title='bbox 1117 747 1345 777; x_wconf 23' lang='lat' dir='ltr'><strong><em>W&#39;ruonmffius,</em></strong></span> <span class='ocrx_word' id='word_1_555' title='bbox 1372 745 1399 766; x_wconf 85' lang='lat' dir='ltr'><strong><em>et</em></strong></span> <span class='ocrx_word' id='word_1_556' title='bbox 1425 740 1607 774; x_wconf 67' lang='lat' dir='ltr'><strong><em>Anussn&#39;rus,</em></strong></span> <span class='ocrx_word' id='word_1_557' title='bbox 1628 739 1753 777; x_wconf 79' lang='lat' dir='ltr'><strong><em>fratres</em></strong></span> <span class='ocrx_word' id='word_1_558' title='bbox 1782 740 1856 768; x_wconf 82' lang='lat' dir='ltr'><strong><em>dicti</em></strong></span> <span class='ocrx_word' id='word_1_559' title='bbox 1885 739 1922 767; x_wconf 84' lang='lat' dir='ltr'><strong><em>de</em></strong></span> <span class='ocrx_word' id='word_1_560' title='bbox 1950 743 2172 783; x_wconf 73' lang='lat' dir='ltr'><strong><em>Dnoscflwtcz,</em></strong></span> 
     </span>
     <span class='ocr_line' id='line_1_71' title="bbox 1117 779 2173 817; baseline 0.008 -10"><span class='ocrx_word' id='word_1_561' title='bbox 1117 791 1118 810; x_wconf 65' lang='grc' dir='ltr'><strong>ς</strong></span> <span class='ocrx_word' id='word_1_562' title='bbox 1137 779 1266 808; x_wconf 82' lang='lat' dir='ltr'><strong><em>duarum</em></strong></span> <span class='ocrx_word' id='word_1_563' title='bbox 1284 779 1466 809; x_wconf 62' lang='lat' dir='ltr'><strong><em>fitur-carum</em></strong></span> <span class='ocrx_word' id='word_1_564' title='bbox 1487 779 1643 814; x_wconf 83' lang='lat' dir='ltr'><strong><em>redditus,</em></strong></span> <span class='ocrx_word' id='word_1_565' title='bbox 1666 780 1748 817; x_wconf 87' lang='lat' dir='ltr'><strong><em>sitos</em></strong></span> <span class='ocrx_word' id='word_1_566' title='bbox 1775 783 1809 809; x_wconf 79' lang='lat' dir='ltr'><strong><em>in</em></strong></span> <span class='ocrx_word' id='word_1_567' title='bbox 1830 782 1914 817; x_wconf 73' lang='lat' dir='ltr'><strong><em>Pago</em></strong></span> <span class='ocrx_word' id='word_1_568' title='bbox 1937 783 2008 811; x_wconf 81' lang='lat' dir='ltr'><strong><em>ville</em></strong></span> <span class='ocrx_word' id='word_1_569' title='bbox 2030 786 2173 815; x_wconf 73' lang='lat' dir='ltr'><strong><em>SToRxE-</em></strong></span> 
     </span>
     <span class='ocr_line' id='line_1_72' title="bbox 1117 817 2173 863; baseline 0.007 -14"><span class='ocrx_word' id='word_1_570' title='bbox 1117 817 1118 862; x_wconf 49' lang='lat' dir='ltr'><strong>J</strong></span> <span class='ocrx_word' id='word_1_571' title='bbox 1136 832 1232 858; x_wconf 74' lang='lat' dir='ltr'><strong><em>chz,</em></strong></span> <span class='ocrx_word' id='word_1_572' title='bbox 1261 832 1332 860; x_wconf 82' lang='lat' dir='ltr'><strong><em>quos</em></strong></span> <span class='ocrx_word' id='word_1_573' title='bbox 1353 833 1373 850; x_wconf 94' lang='lat' dir='ltr'><strong><em>a</em></strong></span> <span class='ocrx_word' id='word_1_574' title='bbox 1394 822 1478 850; x_wconf 80' lang='lat' dir='ltr'><strong><em>nobis</em></strong></span> <span class='ocrx_word' id='word_1_575' title='bbox 1498 824 1529 850; x_wconf 84' lang='lat' dir='ltr'><strong><em>iu</em></strong></span> <span class='ocrx_word' id='word_1_576' title='bbox 1543 822 1645 861; x_wconf 80' lang='lat' dir='ltr'><strong><em>sendo</em></strong></span> <span class='ocrx_word' id='word_1_577' title='bbox 1666 830 1837 858; x_wconf 82' lang='lat' dir='ltr'><strong><em>tenuerunt,</em></strong></span> <span class='ocrx_word' id='word_1_578' title='bbox 1861 823 1904 851; x_wconf 85' lang='lat' dir='ltr'><strong><em>ad</em></strong></span> <span class='ocrx_word' id='word_1_579' title='bbox 1926 835 2028 853; x_wconf 84' lang='lat' dir='ltr'><strong><em>manus</em></strong></span> <span class='ocrx_word' id='word_1_580' title='bbox 2050 826 2173 863; x_wconf 84' lang='lat' dir='ltr'><strong><em>nostras</em></strong></span> 
     </span>
     <span class='ocr_line' id='line_1_73' title="bbox 1117 863 2174 903; baseline 0.007 -12"><span class='ocrx_word' id='word_1_581' title='bbox 1117 864 1297 892; x_wconf 65' lang='lat' dir='ltr'><strong><em>*voluntarie</em></strong></span> <span class='ocrx_word' id='word_1_582' title='bbox 1317 863 1528 901; x_wconf 66' lang='lat' dir='ltr'><strong><em>resignarent,</em></strong></span> <span class='ocrx_word' id='word_1_583' title='bbox 1562 875 1614 893; x_wconf 54' lang='lat' dir='ltr'><strong><em>*nos</em></strong></span> <span class='ocrx_word' id='word_1_584' title='bbox 1643 864 1678 892; x_wconf 92' lang='lat' dir='ltr'><strong><em>ob</em></strong></span> <span class='ocrx_word' id='word_1_585' title='bbox 1704 865 1927 902; x_wconf 78' lang='lat' dir='ltr'><strong><em>rene[re]ntiam</em></strong></span> <span class='ocrx_word' id='word_1_586' title='bbox 1949 865 2014 903; x_wconf 89' lang='lat' dir='ltr'><strong><em>dei,</em></strong></span> <span class='ocrx_word' id='word_1_587' title='bbox 2045 875 2071 895; x_wconf 90' lang='lat' dir='ltr'><strong><em>et</em></strong></span> <span class='ocrx_word' id='word_1_588' title='bbox 2093 868 2174 898; x_wconf 73' lang='lat' dir='ltr'><strong><em>beati</em></strong></span> 
     </span>
     <span class='ocr_line' id='line_1_74' title="bbox 1117 905 2175 948; baseline 0.006 -15"><span class='ocrx_word' id='word_1_589' title='bbox 1117 906 1245 934; x_wconf 54' lang='lat' dir='ltr'><strong><em>*Jacobi</em></strong></span> <span class='ocrx_word' id='word_1_590' title='bbox 1274 905 1426 943; x_wconf 86' lang='lat' dir='ltr'><strong><em>apostoli,</em></strong></span> <span class='ocrx_word' id='word_1_591' title='bbox 1453 918 1506 935; x_wconf 86' lang='lat' dir='ltr'><strong><em>nec</em></strong></span> <span class='ocrx_word' id='word_1_592' title='bbox 1526 917 1585 934; x_wconf 79' lang='lat' dir='ltr'><strong><em>non</em></strong></span> <span class='ocrx_word' id='word_1_593' title='bbox 1607 906 1650 935; x_wconf 86' lang='lat' dir='ltr'><strong><em>ad</em></strong></span> <span class='ocrx_word' id='word_1_594' title='bbox 1671 906 1808 935; x_wconf 81' lang='lat' dir='ltr'><strong><em>deuotam</em></strong></span> <span class='ocrx_word' id='word_1_595' title='bbox 1832 906 2016 945; x_wconf 83' lang='lat' dir='ltr'><strong><em>instanciam</em></strong></span> <span class='ocrx_word' id='word_1_596' title='bbox 2030 910 2175 948; x_wconf 85' lang='lat' dir='ltr'><strong><em>fratrum</em></strong></span> 
     </span>
     <span class='ocr_line' id='line_1_75' title="bbox 1117 939 2174 988; baseline 0.007 -12"><span class='ocrx_word' id='word_1_597' title='bbox 1117 939 1357 985; x_wconf 52' lang='lat' dir='ltr'><strong><em>&#39;pre-(lictorum,</em></strong></span> <span class='ocrx_word' id='word_1_598' title='bbox 1379 948 1601 977; x_wconf 77' lang='lat' dir='ltr'><strong><em>venerabilibus</em></strong></span> <span class='ocrx_word' id='word_1_599' title='bbox 1623 951 1653 977; x_wconf 86' lang='lat' dir='ltr'><strong><em>iu</em></strong></span> <span class='ocrx_word' id='word_1_600' title='bbox 1673 948 1804 986; x_wconf 76' lang='lat' dir='ltr'><strong><em>clu-isto,</em></strong></span> <span class='ocrx_word' id='word_1_601' title='bbox 1827 949 1945 977; x_wconf 83' lang='lat' dir='ltr'><strong><em>Abbati</em></strong></span> <span class='ocrx_word' id='word_1_602' title='bbox 1960 949 2080 988; x_wconf 82' lang='lat' dir='ltr'><strong><em>suoque</em></strong></span> <span class='ocrx_word' id='word_1_603' title='bbox 2099 953 2174 983; x_wconf 77' lang='lat' dir='ltr'><strong><em>Gon-</em></strong></span> 
     </span>
     <span class='ocr_line' id='line_1_76' title="bbox 1117 990 2173 1031; baseline 0.006 -13"><span class='ocrx_word' id='word_1_604' title='bbox 1117 993 1235 1019; x_wconf 71' lang='lat' dir='ltr'><strong><em>&#39;ventui</em></strong></span> <span class='ocrx_word' id='word_1_605' title='bbox 1256 990 1442 1027; x_wconf 70' lang='lat' dir='ltr'><strong><em>DIonastet-ii</em></strong></span> <span class='ocrx_word' id='word_1_606' title='bbox 1461 990 1684 1029; x_wconf 71' lang='lat' dir='ltr'><strong><em>Pygauiensis,</em></strong></span> <span class='ocrx_word' id='word_1_607' title='bbox 1714 991 1810 1020; x_wconf 86' lang='lat' dir='ltr'><strong><em>dictos</em></strong></span> <span class='ocrx_word' id='word_1_608' title='bbox 1837 991 1978 1020; x_wconf 84' lang='lat' dir='ltr'><strong><em>redditus</em></strong></span> <span class='ocrx_word' id='word_1_609' title='bbox 1997 993 2076 1022; x_wconf 82' lang='lat' dir='ltr'><strong><em>Jure</em></strong></span> <span class='ocrx_word' id='word_1_610' title='bbox 2098 1006 2173 1031; x_wconf 80' lang='lat' dir='ltr'><strong><em>pro-</em></strong></span> 
     </span>
     <span class='ocr_line' id='line_1_77' title="bbox 1132 1032 2173 1073; baseline 0.005 -13"><span class='ocrx_word' id='word_1_611' title='bbox 1132 1035 1296 1070; x_wconf 80' lang='lat' dir='ltr'><strong><em>prietatis,</em></strong></span> <span class='ocrx_word' id='word_1_612' title='bbox 1319 1032 1452 1061; x_wconf 81' lang='lat' dir='ltr'><strong><em>dedimus</em></strong></span> <span class='ocrx_word' id='word_1_613' title='bbox 1474 1041 1501 1061; x_wconf 86' lang='lat' dir='ltr'><strong><em>et</em></strong></span> <span class='ocrx_word' id='word_1_614' title='bbox 1522 1033 1706 1061; x_wconf 79' lang='lat' dir='ltr'><strong><em>tradidimus</em></strong></span> <span class='ocrx_word' id='word_1_615' title='bbox 1723 1041 1869 1069; x_wconf 81' lang='lat' dir='ltr'><strong><em>perpetuo</em></strong></span> <span class='ocrx_word' id='word_1_616' title='bbox 1887 1033 2108 1073; x_wconf 74' lang='lat' dir='ltr'><strong><em>possidendos,</em></strong></span> <span class='ocrx_word' id='word_1_617' title='bbox 2130 1038 2173 1066; x_wconf 87' lang='lat' dir='ltr'><strong><em>Et</em></strong></span> 
     </span>
     <span class='ocr_line' id='line_1_78' title="bbox 1117 1074 2173 1114; baseline 0.006 -12"><span class='ocrx_word' id='word_1_618' title='bbox 1117 1091 1118 1095; x_wconf 68' lang='lat'><em>=</em></span> <span class='ocrx_word' id='word_1_619' title='bbox 1135 1086 1172 1102; x_wconf 43' lang='lat' dir='ltr'><strong><em>&#39;ne</em></strong></span> <span class='ocrx_word' id='word_1_620' title='bbox 1186 1075 1376 1103; x_wconf 82' lang='lat' dir='ltr'><strong><em>Huiusmodi</em></strong></span> <span class='ocrx_word' id='word_1_621' title='bbox 1395 1074 1491 1113; x_wconf 84' lang='lat' dir='ltr'><strong><em>nostre</em></strong></span> <span class='ocrx_word' id='word_1_622' title='bbox 1513 1076 1689 1104; x_wconf 82' lang='lat' dir='ltr'><strong><em>donacionis</em></strong></span> <span class='ocrx_word' id='word_1_623' title='bbox 1706 1078 1832 1113; x_wconf 78' lang='lat' dir='ltr'><strong><em>gracia,</em></strong></span> <span class='ocrx_word' id='word_1_624' title='bbox 1853 1076 1974 1112; x_wconf 75' lang='lat' dir='ltr'><strong><em>ausibus</em></strong></span> <span class='ocrx_word' id='word_1_625' title='bbox 1988 1077 2173 1114; x_wconf 83' lang='lat' dir='ltr'><strong><em>detractiuis,</em></strong></span> 
     </span>
     <span class='ocr_line' id='line_1_79' title="bbox 1117 1117 2172 1159; baseline 0.006 -15"><span class='ocrx_word' id='word_1_626' title='bbox 1117 1124 1186 1158; x_wconf 58' lang='lat' dir='ltr'><strong><em>3a1tt</em></strong></span> <span class='ocrx_word' id='word_1_627' title='bbox 1218 1117 1418 1146; x_wconf 82' lang='lat' dir='ltr'><strong><em>detractorum</em></strong></span> <span class='ocrx_word' id='word_1_628' title='bbox 1450 1117 1612 1154; x_wconf 66' lang='lat' dir='ltr'><strong><em>morsibus,</em></strong></span> <span class='ocrx_word' id='word_1_629' title='bbox 1654 1118 1832 1155; x_wconf 70' lang='lat' dir='ltr'><strong><em>aliqualiter</em></strong></span> <span class='ocrx_word' id='word_1_630' title='bbox 1862 1119 1962 1147; x_wconf 81' lang='lat' dir='ltr'><strong><em>valeat</em></strong></span> <span class='ocrx_word' id='word_1_631' title='bbox 1995 1119 2172 1159; x_wconf 70' lang='lat' dir='ltr'><strong><em>obj&#39;uscari,</em></strong></span> 
     </span>
     <span class='ocr_line' id='line_1_80' title="bbox 1117 1158 2171 1200; baseline 0.006 -14"><span class='ocrx_word' id='word_1_632' title='bbox 1117 1158 1303 1195; x_wconf 72' lang='lat' dir='ltr'><strong><em>³presentem</em></strong></span> <span class='ocrx_word' id='word_1_633' title='bbox 1321 1162 1471 1195; x_wconf 77' lang='lat' dir='ltr'><strong><em>paginam</em></strong></span> <span class='ocrx_word' id='word_1_634' title='bbox 1487 1160 1550 1196; x_wconf 82' lang='lat' dir='ltr'><strong><em>sub</em></strong></span> <span class='ocrx_word' id='word_1_635' title='bbox 1573 1158 1763 1196; x_wconf 74' lang='lat' dir='ltr'><strong><em>attestacione</em></strong></span> <span class='ocrx_word' id='word_1_636' title='bbox 1783 1159 1897 1198; x_wconf 78' lang='lat' dir='ltr'><strong><em>testium.</em></strong></span> <span class='ocrx_word' id='word_1_637' title='bbox 1922 1162 2012 1199; x_wconf 86' lang='lat' dir='ltr'><strong><em>infra</em></strong></span> <span class='ocrx_word' id='word_1_638' title='bbox 2035 1162 2171 1200; x_wconf 87' lang='lat' dir='ltr'><strong><em>scripto-</em></strong></span> 
     </span>
     <span class='ocr_line' id='line_1_81' title="bbox 1134 1201 2173 1242; baseline 0 -14"><span class='ocrx_word' id='word_1_639' title='bbox 1134 1212 1218 1235; x_wconf 84' lang='lat' dir='ltr'><strong><em>ram,</em></strong></span> <span class='ocrx_word' id='word_1_640' title='bbox 1241 1201 1335 1239; x_wconf 78' lang='lat' dir='ltr'><strong><em>nostri</em></strong></span> <span class='ocrx_word' id='word_1_641' title='bbox 1345 1201 1453 1237; x_wconf 74' lang='lat' dir='ltr'><strong><em>sigilli</em></strong></span> <span class='ocrx_word' id='word_1_642' title='bbox 1468 1204 1588 1238; x_wconf 79' lang='lat' dir='ltr'><strong><em>typario</em></strong></span> <span class='ocrx_word' id='word_1_643' title='bbox 1605 1204 1824 1237; x_wconf 82' lang='lat' dir='ltr'><strong><em>communitam,</em></strong></span> <span class='ocrx_word' id='word_1_644' title='bbox 1848 1202 1950 1230; x_wconf 87' lang='lat' dir='ltr'><strong><em>abbati</em></strong></span> <span class='ocrx_word' id='word_1_645' title='bbox 1961 1202 2081 1242; x_wconf 88' lang='lat' dir='ltr'><strong><em>suoque</em></strong></span> <span class='ocrx_word' id='word_1_646' title='bbox 2098 1207 2173 1234; x_wconf 71' lang='lat' dir='ltr'><strong><em>(lon-</em></strong></span> 
     </span>
     <span class='ocr_line' id='line_1_82' title="bbox 1117 1239 2174 1291; baseline 0.006 -21"><span class='ocrx_word' id='word_1_647' title='bbox 1117 1239 1239 1291; x_wconf 34' lang='lat' dir='ltr'><strong><em>*uentui</em></strong></span> <span class='ocrx_word' id='word_1_648' title='bbox 1256 1245 1444 1280; x_wconf 82' lang='lat' dir='ltr'><strong><em>prenotatis,</em></strong></span> <span class='ocrx_word' id='word_1_649' title='bbox 1463 1251 1613 1278; x_wconf 77' lang='lat' dir='ltr'><strong><em>perpetua</em></strong></span> <span class='ocrx_word' id='word_1_650' title='bbox 1635 1243 1810 1272; x_wconf 79' lang='lat' dir='ltr'><strong><em>contulimus</em></strong></span> <span class='ocrx_word' id='word_1_651' title='bbox 1827 1255 1886 1279; x_wconf 82' lang='lat' dir='ltr'><strong><em>pro</em></strong></span> <span class='ocrx_word' id='word_1_652' title='bbox 1910 1246 2043 1280; x_wconf 86' lang='lat' dir='ltr'><strong><em>cautela,</em></strong></span> <span class='ocrx_word' id='word_1_653' title='bbox 2066 1247 2174 1276; x_wconf 72' lang='lat' dir='ltr'><strong><em>Huius</em></strong></span> 
     </span>
     <span class='ocr_line' id='line_1_83' title="bbox 1117 1284 2172 1322; baseline 0.003 -10"><span class='ocrx_word' id='word_1_654' title='bbox 1117 1296 1173 1312; x_wconf 52' lang='lat' dir='ltr'><strong><em>*no</em></strong></span> <span class='ocrx_word' id='word_1_655' title='bbox 1191 1293 1234 1313; x_wconf 69' lang='lat' dir='ltr'><strong><em>tre</em></strong></span> <span class='ocrx_word' id='word_1_656' title='bbox 1255 1285 1426 1313; x_wconf 86' lang='lat' dir='ltr'><strong><em>donationis</em></strong></span> <span class='ocrx_word' id='word_1_657' title='bbox 1447 1292 1530 1312; x_wconf 78' lang='lat' dir='ltr'><strong><em>tetes</em></strong></span> <span class='ocrx_word' id='word_1_658' title='bbox 1544 1284 1640 1322; x_wconf 65' lang='lat' dir='ltr'><strong><em>suin,</em></strong></span> <span class='ocrx_word' id='word_1_659' title='bbox 1656 1285 1772 1322; x_wconf 85' lang='lat' dir='ltr'><strong><em>fideles</em></strong></span> <span class='ocrx_word' id='word_1_660' title='bbox 1794 1284 1901 1322; x_wconf 81' lang='lat' dir='ltr'><strong><em>nostri,</em></strong></span> <span class='ocrx_word' id='word_1_661' title='bbox 1924 1285 2060 1316; x_wconf 81' lang='lat' dir='ltr'><strong><em>dominus</em></strong></span> <span class='ocrx_word' id='word_1_662' title='bbox 2082 1289 2172 1318; x_wconf 81' lang='lat' dir='ltr'><strong><em>OTTo</em></strong></span> 
     </span>
     <span class='ocr_line' id='line_1_84' title="bbox 1136 1327 2174 1368; baseline 0.004 -13"><span class='ocrx_word' id='word_1_663' title='bbox 1136 1337 1174 1355; x_wconf 71' lang='lat' dir='ltr'><strong><em>DE</em></strong></span> <span class='ocrx_word' id='word_1_664' title='bbox 1198 1329 1371 1363; x_wconf 62' lang='lat' dir='ltr'><strong><em>ancowe,</em></strong></span> <span class='ocrx_word' id='word_1_665' title='bbox 1403 1329 1570 1356; x_wconf 72' lang='lat' dir='ltr'><strong><em>ALnERTus</em></strong></span> <span class='ocrx_word' id='word_1_666' title='bbox 1599 1329 1711 1363; x_wconf 68' lang='lat' dir='ltr'><strong><em>er&#39;r,</em></strong></span> <span class='ocrx_word' id='word_1_667' title='bbox 1744 1329 1906 1357; x_wconf 55' lang='lat' dir='ltr'><strong><em>Ham-mens</em></strong></span> <span class='ocrx_word' id='word_1_668' title='bbox 1935 1327 1972 1356; x_wconf 87' lang='lat' dir='ltr'><strong><em>de</em></strong></span> <span class='ocrx_word' id='word_1_669' title='bbox 1998 1330 2174 1368; x_wconf 66' lang='lat' dir='ltr'><strong><em>Cmssown,</em></strong></span> 
     </span>
     <span class='ocr_line' id='line_1_85' title="bbox 1136 1367 2173 1408; baseline 0.004 -12"><span class='ocrx_word' id='word_1_670' title='bbox 1136 1370 1364 1397; x_wconf 66' lang='lat' dir='ltr'><strong><em>&#39;l&#39;flssonssmcvs</em></strong></span> <span class='ocrx_word' id='word_1_671' title='bbox 1382 1367 1418 1396; x_wconf 86' lang='lat' dir='ltr'><strong><em>cle</em></strong></span> <span class='ocrx_word' id='word_1_672' title='bbox 1430 1369 1594 1397; x_wconf 68' lang='lat' dir='ltr'><strong><em>Cnmmwn</em></strong></span> <span class='ocrx_word' id='word_1_673' title='bbox 1610 1369 1727 1403; x_wconf 81' lang='lat' dir='ltr'><strong><em>milites,</em></strong></span> <span class='ocrx_word' id='word_1_674' title='bbox 1746 1370 1940 1398; x_wconf 66' lang='lat' dir='ltr'><strong><em>annmcus</em></strong></span> <span class='ocrx_word' id='word_1_675' title='bbox 1958 1369 1994 1397; x_wconf 86' lang='lat' dir='ltr'><strong><em>de</em></strong></span> <span class='ocrx_word' id='word_1_676' title='bbox 2006 1372 2173 1408; x_wconf 57' lang='lat' dir='ltr'><strong><em>Wancxa,</em></strong></span> 
     </span>
     <span class='ocr_line' id='line_1_86' title="bbox 1116 1409 2173 1448; baseline 0.005 -11"><span class='ocrx_word' id='word_1_677' title='bbox 1116 1417 1162 1438; x_wconf 61' lang='lat' dir='ltr'><strong><em>*et</em></strong></span> <span class='ocrx_word' id='word_1_678' title='bbox 1180 1410 1285 1445; x_wconf 85' lang='lat' dir='ltr'><strong><em>plures</em></strong></span> <span class='ocrx_word' id='word_1_679' title='bbox 1310 1411 1368 1438; x_wconf 88' lang='lat' dir='ltr'><strong><em>alii</em></strong></span> <span class='ocrx_word' id='word_1_680' title='bbox 1388 1410 1459 1447; x_wconf 75' lang='lat' dir='ltr'><strong><em>sicle</em></strong></span> <span class='ocrx_word' id='word_1_681' title='bbox 1481 1409 1584 1446; x_wconf 79' lang='lat' dir='ltr'><strong><em>digni,</em></strong></span> <span class='ocrx_word' id='word_1_682' title='bbox 1615 1412 1728 1439; x_wconf 83' lang='lat' dir='ltr'><strong><em>Actum</em></strong></span> <span class='ocrx_word' id='word_1_683' title='bbox 1751 1418 1778 1438; x_wconf 92' lang='lat' dir='ltr'><strong><em>et</em></strong></span> <span class='ocrx_word' id='word_1_684' title='bbox 1801 1409 1903 1439; x_wconf 82' lang='lat' dir='ltr'><strong><em>datum.</em></strong></span> <span class='ocrx_word' id='word_1_685' title='bbox 1922 1411 2059 1448; x_wconf 78' lang='lat' dir='ltr'><strong><em>Pygauie</em></strong></span> <span class='ocrx_word' id='word_1_686' title='bbox 2080 1413 2173 1442; x_wconf 79' lang='lat' dir='ltr'><strong><em>Anno</em></strong></span> 
     </span>
     <span class='ocr_line' id='line_1_87' title="bbox 1137 1452 2173 1490; baseline 0.004 -10"><span class='ocrx_word' id='word_1_687' title='bbox 1137 1452 1250 1480; x_wconf 83' lang='lat' dir='ltr'><strong><em>domini</em></strong></span> <span class='ocrx_word' id='word_1_688' title='bbox 1271 1452 1441 1489; x_wconf 79' lang='lat' dir='ltr'><strong><em>Millefimo</em></strong></span> <span class='ocrx_word' id='word_1_689' title='bbox 1467 1452 1683 1490; x_wconf 67' lang='lat' dir='ltr'><strong><em>Trecentesimo</em></strong></span> <span class='ocrx_word' id='word_1_690' title='bbox 1704 1452 1871 1489; x_wconf 76' lang='lat' dir='ltr'><strong><em>undecimo,</em></strong></span> <span class='ocrx_word' id='word_1_691' title='bbox 1893 1453 1999 1482; x_wconf 82' lang='lat' dir='ltr'><strong><em>Pridie</em></strong></span> <span class='ocrx_word' id='word_1_692' title='bbox 2015 1454 2173 1484; x_wconf 75' lang='lat' dir='ltr'><strong><em>Kalendas</em></strong></span> 
     </span>
     <span class='ocr_line' id='line_1_88' title="bbox 1116 1494 1542 1534; baseline -0.002 -11"><span class='ocrx_word' id='word_1_693' title='bbox 1116 1495 1236 1534; x_wconf 48' lang='lat' dir='ltr'><strong><em>*Julij‚</em></strong></span> <span class='ocrx_word' id='word_1_694' title='bbox 1259 1494 1432 1524; x_wconf 85' lang='lat' dir='ltr'><strong><em>Indictione</em></strong></span> <span class='ocrx_word' id='word_1_695' title='bbox 1452 1505 1542 1523; x_wconf 84' lang='lat' dir='ltr'><strong><em>nona.</em></strong></span> 
     </span>
    </p>
   </div>
   <div class='ocr_carea' id='block_1_13' title="bbox 1117 324 1120 913">
    <p class='ocr_par' dir='ltr' id='par_1_13' title="bbox 1117 324 1120 913">
     <span class='ocr_line' id='line_1_89' title="bbox 1117 324 1120 913; baseline 0 0"><span class='ocrx_word' id='word_1_696' title='bbox 1117 324 1120 913; x_wconf 95' lang='lat' dir='ltr'><strong><em> </em></strong></span> 
     </span>
    </p>
   </div>
   <div class='ocr_carea' id='block_1_14' title="bbox 1558 1560 1723 1565">
    <p class='ocr_par' dir='ltr' id='par_1_14' title="bbox 1558 1560 1723 1565">
     <span class='ocr_line' id='line_1_90' title="bbox 1558 1560 1723 1565; baseline 0 0"><span class='ocrx_word' id='word_1_697' title='bbox 1558 1560 1723 1565; x_wconf 95' lang='lat' dir='ltr'><strong><em> </em></strong></span> 
     </span>
    </p>
   </div>
   <div class='ocr_carea' id='block_1_15' title="bbox 1136 1595 2173 1717">
    <p class='ocr_par' dir='ltr' id='par_1_15' title="bbox 1136 1595 2173 1717">
     <span class='ocr_line' id='line_1_91' title="bbox 1136 1595 2173 1631; baseline 0.003 -8"><span class='ocrx_word' id='word_1_698' title='bbox 1136 1596 1168 1623; x_wconf 89' lang='lat' dir='ltr'><strong><em>In</em></strong></span> <span class='ocrx_word' id='word_1_699' title='bbox 1183 1597 1360 1624; x_wconf 83' lang='lat' dir='ltr'><strong><em>membrana.</em></strong></span> <span class='ocrx_word' id='word_1_700' title='bbox 1374 1611 1409 1617; x_wconf 81' lang='lat'><strong><em>—-</em></strong></span> <span class='ocrx_word' id='word_1_701' title='bbox 1434 1596 1565 1631; x_wconf 77' lang='lat' dir='ltr'><strong><em>Sigillum</em></strong></span> <span class='ocrx_word' id='word_1_702' title='bbox 1582 1595 1690 1631; x_wconf 80' lang='lat' dir='ltr'><strong><em>pendet</em></strong></span> <span class='ocrx_word' id='word_1_703' title='bbox 1704 1595 1765 1622; x_wconf 84' lang='lat' dir='ltr'><strong><em>sere</em></strong></span> <span class='ocrx_word' id='word_1_704' title='bbox 1781 1595 1925 1624; x_wconf 83' lang='lat' dir='ltr'><strong><em>detritum.</em></strong></span> <span class='ocrx_word' id='word_1_705' title='bbox 1941 1611 1977 1617; x_wconf 86' lang='lat'><strong><em>—·</em></strong></span> <span class='ocrx_word' id='word_1_706' title='bbox 1999 1596 2061 1625; x_wconf 85' lang='lat' dir='ltr'><strong><em>Csr.</em></strong></span> <span class='ocrx_word' id='word_1_707' title='bbox 2076 1596 2173 1627; x_wconf 82' lang='lat' dir='ltr'><strong><em>Lude-</em></strong></span> 
     </span>
     <span class='ocr_line' id='line_1_92' title="bbox 1177 1636 2173 1677; baseline 0.003 -12"><span class='ocrx_word' id='word_1_708' title='bbox 1177 1639 1232 1675; x_wconf 74' lang='lat' dir='ltr'><strong><em>wig</em></strong></span> <span class='ocrx_word' id='word_1_709' title='bbox 1252 1638 1271 1665; x_wconf 93' lang='lat' dir='ltr'><strong><em>l.</em></strong></span> <span class='ocrx_word' id='word_1_710' title='bbox 1287 1638 1306 1665; x_wconf 91' lang='lat' dir='ltr'><strong><em>l.</em></strong></span> <span class='ocrx_word' id='word_1_711' title='bbox 1329 1639 1415 1667; x_wconf 83' lang='lat' dir='ltr'><strong><em>Tom.</em></strong></span> <span class='ocrx_word' id='word_1_712' title='bbox 1432 1638 1466 1664; x_wconf 88' lang='lat'><strong><em>11.</em></strong></span> <span class='ocrx_word' id='word_1_713' title='bbox 1488 1647 1517 1674; x_wconf 88' lang='lat' dir='ltr'><strong><em>p.</em></strong></span> <span class='ocrx_word' id='word_1_714' title='bbox 1532 1636 1604 1666; x_wconf 73' lang='lat'><strong><em>264.</em></strong></span> <span class='ocrx_word' id='word_1_715' title='bbox 1626 1637 1673 1663; x_wconf 92' lang='lat' dir='ltr'><strong><em>LI.</em></strong></span> <span class='ocrx_word' id='word_1_716' title='bbox 1697 1642 1725 1663; x_wconf 83' lang='lat' dir='ltr'><strong><em>et</em></strong></span> <span class='ocrx_word' id='word_1_717' title='bbox 1746 1638 1803 1665; x_wconf 75' lang='lat' dir='ltr'><strong><em>tab.</em></strong></span> <span class='ocrx_word' id='word_1_718' title='bbox 1825 1637 1892 1665; x_wconf 77' lang='lat' dir='ltr'><strong>adh.</strong></span> <span class='ocrx_word' id='word_1_719' title='bbox 1917 1654 1955 1658; x_wconf 90' lang='lat'><strong>—</strong></span> <span class='ocrx_word' id='word_1_720' title='bbox 1985 1638 2173 1677; x_wconf 75' lang='lat' dir='ltr'><strong><em>schoettgen,</em></strong></span> 
     </span>
     <span class='ocr_line' id='line_1_93' title="bbox 1178 1678 1740 1717; baseline -0.002 -10"><span class='ocrx_word' id='word_1_721' title='bbox 1178 1681 1236 1707; x_wconf 76' lang='lat' dir='ltr'><strong><em>vita</em></strong></span> <span class='ocrx_word' id='word_1_722' title='bbox 1250 1680 1342 1717; x_wconf 87' lang='lat' dir='ltr'><strong><em>Wipr.</em></strong></span> <span class='ocrx_word' id='word_1_723' title='bbox 1359 1679 1423 1707; x_wconf 87' lang='lat' dir='ltr'><strong><em>cod.</em></strong></span> <span class='ocrx_word' id='word_1_724' title='bbox 1438 1680 1522 1717; x_wconf 80' lang='lat' dir='ltr'><strong><em>prob.</em></strong></span> <span class='ocrx_word' id='word_1_725' title='bbox 1538 1678 1595 1705; x_wconf 84' lang='lat' dir='ltr'><strong><em>No.</em></strong></span> <span class='ocrx_word' id='word_1_726' title='bbox 1610 1678 1684 1706; x_wconf 81' lang='lat' dir='ltr'>XVI.</span> <span class='ocrx_word' id='word_1_727' title='bbox 1702 1693 1740 1697; x_wconf 93' lang='lat'><strong><em>-—</em></strong></span> 
     </span>
    </p>
   </div>
   <div class='ocr_carea' id='block_1_16' title="bbox 1550 1760 1771 1771">
    <p class='ocr_par' dir='ltr' id='par_1_16' title="bbox 1550 1760 1771 1771">
     <span class='ocr_line' id='line_1_94' title="bbox 1550 1760 1771 1771; baseline 0 0"><span class='ocrx_word' id='word_1_728' title='bbox 1550 1760 1771 1771; x_wconf 95' lang='lat' dir='ltr'><strong><em> </em></strong></span> 
     </span>
    </p>
   </div>
   <div class='ocr_carea' id='block_1_17' title="bbox 1369 1819 1940 1856">
    <p class='ocr_par' dir='ltr' id='par_1_17' title="bbox 1369 1819 1940 1856">
     <span class='ocr_line' id='line_1_95' title="bbox 1369 1819 1940 1856; baseline -0.004 0"><span class='ocrx_word' id='word_1_729' title='bbox 1369 1819 1500 1856; x_wconf 82' lang='lat' dir='ltr'>XXII.</span> <span class='ocrx_word' id='word_1_730' title='bbox 1834 1821 1940 1854; x_wconf 82' lang='lat'><strong>1323.</strong></span> 
     </span>
    </p>
   </div>
   <div class='ocr_carea' id='block_1_18' title="bbox 1117 1878 2174 2003">
    <p class='ocr_par' dir='ltr' id='par_1_18' title="bbox 1117 1878 2174 2003">
     <span class='ocr_line' id='line_1_96' title="bbox 1117 1878 2174 1917; baseline 0 -9"><span class='ocrx_word' id='word_1_731' title='bbox 1117 1878 1119 1897; x_wconf 59' lang='lat'><strong><em>&#39;¹</em></strong></span> <span class='ocrx_word' id='word_1_732' title='bbox 1137 1880 1284 1909; x_wconf 81' lang='lat' dir='ltr'><strong><em>Statutum</em></strong></span> <span class='ocrx_word' id='word_1_733' title='bbox 1300 1882 1410 1909; x_wconf 84' lang='lat' dir='ltr'><strong><em>abbatis</em></strong></span> <span class='ocrx_word' id='word_1_734' title='bbox 1433 1886 1460 1908; x_wconf 82' lang='lat' dir='ltr'><strong><em>et</em></strong></span> <span class='ocrx_word' id='word_1_735' title='bbox 1482 1884 1639 1909; x_wconf 83' lang='lat' dir='ltr'><strong><em>conventus</em></strong></span> <span class='ocrx_word' id='word_1_736' title='bbox 1658 1878 1823 1906; x_wconf 82' lang='lat' dir='ltr'><strong><em>monasterii</em></strong></span> <span class='ocrx_word' id='word_1_737' title='bbox 1838 1879 2022 1916; x_wconf 78' lang='lat' dir='ltr'><strong><em>Pygaviensis</em></strong></span> <span class='ocrx_word' id='word_1_738' title='bbox 2038 1879 2074 1908; x_wconf 80' lang='lat' dir='ltr'><strong><em>de</em></strong></span> <span class='ocrx_word' id='word_1_739' title='bbox 2089 1889 2174 1917; x_wconf 82' lang='lat' dir='ltr'><strong><em>prae-</em></strong></span> 
     </span>
     <span class='ocr_line' id='line_1_97' title="bbox 1178 1921 2174 1959; baseline -0.001 -9"><span class='ocrx_word' id='word_1_740' title='bbox 1178 1923 1274 1950; x_wconf 76' lang='lat' dir='ltr'><strong><em>benda</em></strong></span> <span class='ocrx_word' id='word_1_741' title='bbox 1289 1933 1306 1950; x_wconf 80' lang='lat' dir='ltr'>a</span> <span class='ocrx_word' id='word_1_742' title='bbox 1321 1923 1472 1957; x_wconf 78' lang='lat' dir='ltr'><strong><em>Conrado,</em></strong></span> <span class='ocrx_word' id='word_1_743' title='bbox 1488 1922 1624 1959; x_wconf 79' lang='lat' dir='ltr'><strong><em>magistro</em></strong></span> <span class='ocrx_word' id='word_1_744' title='bbox 1639 1922 1796 1959; x_wconf 84' lang='lat' dir='ltr'><strong><em>pistorum,</em></strong></span> <span class='ocrx_word' id='word_1_745' title='bbox 1814 1925 1843 1949; x_wconf 81' lang='lat' dir='ltr'><strong><em>et</em></strong></span> <span class='ocrx_word' id='word_1_746' title='bbox 1858 1921 2043 1958; x_wconf 81' lang='lat' dir='ltr'><strong><em>Hermanno,</em></strong></span> <span class='ocrx_word' id='word_1_747' title='bbox 2063 1922 2174 1950; x_wconf 84' lang='lat' dir='ltr'><strong><em>molen-</em></strong></span> 
     </span>
     <span class='ocr_line' id='line_1_98' title="bbox 1179 1964 1525 2003; baseline 0.003 -11"><span class='ocrx_word' id='word_1_748' title='bbox 1179 1965 1290 1993; x_wconf 80' lang='lat' dir='ltr'><strong><em>dinario</em></strong></span> <span class='ocrx_word' id='word_1_749' title='bbox 1299 1985 1309 2002; x_wconf 84' lang='lat'>‚</span> <span class='ocrx_word' id='word_1_750' title='bbox 1328 1964 1525 2003; x_wconf 79' lang='lat' dir='ltr'><strong><em>percipienda.</em></strong></span> 
     </span>
    </p>
   </div>
   <div class='ocr_carea' id='block_1_19' title="bbox 1565 2023 1734 2031">
    <p class='ocr_par' dir='ltr' id='par_1_19' title="bbox 1565 2023 1734 2031">
     <span class='ocr_line' id='line_1_99' title="bbox 1565 2023 1734 2031; baseline 0 1037"><span class='ocrx_word' id='word_1_751' title='bbox 1565 2023 1734 2031; x_wconf 95' lang='lat' dir='ltr'><strong><em> </em></strong></span> 
     </span>
    </p>
   </div>
   <div class='ocr_carea' id='block_1_20' title="bbox 1119 2054 2174 2267">
    <p class='ocr_par' dir='ltr' id='par_1_20' title="bbox 1119 2054 2174 2267">
     <span class='ocr_line' id='line_1_100' title="bbox 1221 2054 2174 2094; baseline -0.004 -6"><span class='ocrx_word' id='word_1_752' title='bbox 1221 2059 1262 2088; x_wconf 81' lang='lat' dir='ltr'><strong><em>In</em></strong></span> <span class='ocrx_word' id='word_1_753' title='bbox 1282 2062 1399 2089; x_wconf 83' lang='lat' dir='ltr'><strong><em>nomine</em></strong></span> <span class='ocrx_word' id='word_1_754' title='bbox 1419 2059 1536 2088; x_wconf 86' lang='lat' dir='ltr'><strong><em>domini</em></strong></span> <span class='ocrx_word' id='word_1_755' title='bbox 1557 2069 1640 2088; x_wconf 83' lang='lat' dir='ltr'><strong><em>amen</em></strong></span> <span class='ocrx_word' id='word_1_756' title='bbox 1673 2078 1682 2086; x_wconf 90' lang='lat'>.</span> <span class='ocrx_word' id='word_1_757' title='bbox 1712 2054 1817 2085; x_wconf 70' lang='lat' dir='ltr'><strong><em>Nicltil</em></strong></span> <span class='ocrx_word' id='word_1_758' title='bbox 1836 2056 1963 2094; x_wconf 84' lang='lat' dir='ltr'><strong><em>firmum</em></strong></span> <span class='ocrx_word' id='word_1_759' title='bbox 1990 2063 2042 2085; x_wconf 82' lang='lat' dir='ltr'><strong><em>aut</em></strong></span> <span class='ocrx_word' id='word_1_760' title='bbox 2063 2054 2174 2094; x_wconf 82' lang='lat' dir='ltr'><strong><em>stabile</em></strong></span> 
     </span>
     <span class='ocr_line' id='line_1_101' title="bbox 1119 2098 2173 2140; baseline -0.002 -11"><span class='ocrx_word' id='word_1_761' title='bbox 1119 2117 1120 2130; x_wconf 46' lang='grc' dir='ltr'>η</span> <span class='ocrx_word' id='word_1_762' title='bbox 1137 2109 1268 2137; x_wconf 81' lang='lat' dir='ltr'><strong><em>tenetur,</em></strong></span> <span class='ocrx_word' id='word_1_763' title='bbox 1289 2101 1350 2139; x_wconf 72' lang='lat' dir='ltr'><strong><em>nisi</em></strong></span> <span class='ocrx_word' id='word_1_764' title='bbox 1364 2101 1523 2140; x_wconf 79' lang='lat' dir='ltr'><strong><em>scripture</em></strong></span> <span class='ocrx_word' id='word_1_765' title='bbox 1540 2100 1698 2138; x_wconf 82' lang='lat' dir='ltr'><strong><em>probabili</em></strong></span> <span class='ocrx_word' id='word_1_766' title='bbox 1720 2106 1748 2126; x_wconf 89' lang='lat' dir='ltr'><strong><em>te</em></strong></span> <span class='ocrx_word' id='word_1_767' title='bbox 1765 2100 1885 2127; x_wconf 81' lang='lat' dir='ltr'><strong><em>timonio</em></strong></span> <span class='ocrx_word' id='word_1_768' title='bbox 1900 2099 2070 2133; x_wconf 83' lang='lat' dir='ltr'><strong><em>roboretur,</em></strong></span> <span class='ocrx_word' id='word_1_769' title='bbox 2092 2098 2173 2127; x_wconf 85' lang='lat' dir='ltr'><strong><em>Inde</em></strong></span> 
     </span>
     <span class='ocr_line' id='line_1_102' title="bbox 1138 2140 2173 2182; baseline -0.002 -10"><span class='ocrx_word' id='word_1_770' title='bbox 1138 2143 1179 2182; x_wconf 83' lang='lat' dir='ltr'><strong><em>efi</em></strong></span> <span class='ocrx_word' id='word_1_771' title='bbox 1206 2144 1281 2182; x_wconf 81' lang='lat' dir='ltr'><strong><em>qvod</em></strong></span> <span class='ocrx_word' id='word_1_772' title='bbox 1308 2156 1360 2173; x_wconf 87' lang='lat' dir='ltr'><strong><em>nos</em></strong></span> <span class='ocrx_word' id='word_1_773' title='bbox 1387 2147 1553 2173; x_wconf 66' lang='lat' dir='ltr'><strong><em>Amcsswrus</em></strong></span> <span class='ocrx_word' id='word_1_774' title='bbox 1585 2143 1634 2171; x_wconf 80' lang='lat' dir='ltr'><strong><em>dei</em></strong></span> <span class='ocrx_word' id='word_1_775' title='bbox 1659 2144 1763 2179; x_wconf 83' lang='lat' dir='ltr'><strong><em>gratia</em></strong></span> <span class='ocrx_word' id='word_1_776' title='bbox 1790 2140 1896 2175; x_wconf 79' lang='lat' dir='ltr'><strong><em>abbas,</em></strong></span> <span class='ocrx_word' id='word_1_777' title='bbox 1931 2144 1973 2170; x_wconf 69' lang='lat' dir='ltr'><strong><em>An</em></strong></span> <span class='ocrx_word' id='word_1_778' title='bbox 1998 2143 2090 2177; x_wconf 82' lang='lat' dir='ltr'><strong><em>prior</em></strong></span> <span class='ocrx_word' id='word_1_779' title='bbox 2114 2141 2173 2170; x_wconf 88' lang='lat' dir='ltr'><strong><em>To-</em></strong></span> 
     </span>
     <span class='ocr_line' id='line_1_103' title="bbox 1137 2182 2173 2224; baseline -0.004 -9"><span class='ocrx_word' id='word_1_780' title='bbox 1137 2194 1238 2224; x_wconf 82' lang='lat' dir='ltr'><strong><em>tusque</em></strong></span> <span class='ocrx_word' id='word_1_781' title='bbox 1264 2194 1422 2216; x_wconf 80' lang='lat' dir='ltr'><strong><em>conuentus</em></strong></span> <span class='ocrx_word' id='word_1_782' title='bbox 1450 2184 1637 2224; x_wconf 71' lang='lat' dir='ltr'><strong><em>DIonasterii</em></strong></span> <span class='ocrx_word' id='word_1_783' title='bbox 1658 2184 1812 2222; x_wconf 79' lang='lat' dir='ltr'><strong><em>pygauien</em></strong></span> <span class='ocrx_word' id='word_1_784' title='bbox 1830 2193 1854 2211; x_wconf 79' lang='lat' dir='ltr'><strong><em>ts</em></strong></span> <span class='ocrx_word' id='word_1_785' title='bbox 1881 2182 2119 2221; x_wconf 81' lang='lat' dir='ltr'><strong><em>recognoscimus</em></strong></span> <span class='ocrx_word' id='word_1_786' title='bbox 2145 2189 2173 2211; x_wconf 70' lang='lat' dir='ltr'><strong><em>et</em></strong></span> 
     </span>
     <span class='ocr_line' id='line_1_104' title="bbox 1138 2223 2174 2267; baseline -0.006 -9"><span class='ocrx_word' id='word_1_787' title='bbox 1138 2236 1236 2258; x_wconf 86' lang='lat' dir='ltr'><strong><em>tenore</em></strong></span> <span class='ocrx_word' id='word_1_788' title='bbox 1256 2228 1446 2267; x_wconf 67' lang='lat' dir='ltr'><strong><em>presentium</em></strong></span> <span class='ocrx_word' id='word_1_789' title='bbox 1469 2227 1686 2266; x_wconf 81' lang='lat' dir='ltr'><strong><em>protestamur,</em></strong></span> <span class='ocrx_word' id='word_1_790' title='bbox 1718 2224 1807 2267; x_wconf 78' lang='lat' dir='ltr'><strong><em>Quod</em></strong></span> <span class='ocrx_word' id='word_1_791' title='bbox 1829 2235 1893 2253; x_wconf 83' lang='lat' dir='ltr'><strong><em>cum</em></strong></span> <span class='ocrx_word' id='word_1_792' title='bbox 1915 2224 2080 2262; x_wconf 82' lang='lat' dir='ltr'><strong><em>comparas</em></strong></span> <span class='ocrx_word' id='word_1_793' title='bbox 2093 2223 2174 2253; x_wconf 65' lang='lat' dir='ltr'><strong><em>&#39;emim</em></strong></span> 
     </span>
    </p>
   </div>
   <div class='ocr_carea' id='block_1_21' title="bbox 1096 2266 2174 2307">
    <p class='ocr_par' dir='ltr' id='par_1_21' title="bbox 1096 2266 2174 2307">
     <span class='ocr_line' id='line_1_105' title="bbox 1096 2266 2174 2307; baseline -0.006 -6"><span class='ocrx_word' id='word_1_794' title='bbox 1096 2288 1104 2295; x_wconf 90' lang='lat'><strong>·</strong></span> <span class='ocrx_word' id='word_1_795' title='bbox 1138 2271 1216 2300; x_wconf 82' lang='lat' dir='ltr'><strong><em>bona</em></strong></span> <span class='ocrx_word' id='word_1_796' title='bbox 1244 2274 1279 2300; x_wconf 78' lang='lat' dir='ltr'><strong><em>in</em></strong></span> <span class='ocrx_word' id='word_1_797' title='bbox 1307 2273 1554 2306; x_wconf 67' lang='lat' dir='ltr'><strong><em>sz&#39;rAUme,</em></strong></span> <span class='ocrx_word' id='word_1_798' title='bbox 1595 2272 1766 2298; x_wconf 68' lang='lat' dir='ltr'><strong><em>CoxRAnts</em></strong></span> <span class='ocrx_word' id='word_1_799' title='bbox 1798 2266 1939 2306; x_wconf 80' lang='lat' dir='ltr'><strong><em>magister</em></strong></span> <span class='ocrx_word' id='word_1_800' title='bbox 1965 2266 2112 2307; x_wconf 82' lang='lat' dir='ltr'><strong><em>pistorum</em></strong></span> <span class='ocrx_word' id='word_1_801' title='bbox 2145 2273 2174 2295; x_wconf 81' lang='lat' dir='ltr'><strong><em>et</em></strong></span> 
     </span>
    </p>
   </div>
   <div class='ocr_carea' id='block_1_22' title="bbox 1138 2308 2175 2688">
    <p class='ocr_par' dir='ltr' id='par_1_22' title="bbox 1138 2308 2175 2688">
     <span class='ocr_line' id='line_1_106' title="bbox 1140 2308 2175 2349; baseline -0.006 -7"><span class='ocrx_word' id='word_1_802' title='bbox 1140 2316 1340 2343; x_wconf 67' lang='lat' dir='ltr'><strong><em>HfflmAxxns</em></strong></span> <span class='ocrx_word' id='word_1_803' title='bbox 1365 2312 1602 2342; x_wconf 85' lang='lat' dir='ltr'><strong><em>molendinarius</em></strong></span> <span class='ocrx_word' id='word_1_804' title='bbox 1628 2309 1726 2349; x_wconf 81' lang='lat' dir='ltr'><strong><em>nofier</em></strong></span> <span class='ocrx_word' id='word_1_805' title='bbox 1750 2308 1847 2339; x_wconf 77' lang='lat' dir='ltr'><strong><em>dictus</em></strong></span> <span class='ocrx_word' id='word_1_806' title='bbox 1874 2317 2175 2346; x_wconf 70' lang='lat' dir='ltr'><strong><em>scnnxssxmmsnm,</em></strong></span> 
     </span>
     <span class='ocr_line' id='line_1_107' title="bbox 1139 2350 2173 2390; baseline -0.007 -6"><span class='ocrx_word' id='word_1_807' title='bbox 1139 2355 1322 2384; x_wconf 82' lang='lat' dir='ltr'><strong><em>addiderunt</em></strong></span> <span class='ocrx_word' id='word_1_808' title='bbox 1336 2356 1400 2384; x_wconf 90' lang='lat' dir='ltr'><strong><em>XL</em></strong></span> <span class='ocrx_word' id='word_1_809' title='bbox 1414 2366 1545 2390; x_wconf 83' lang='lat' dir='ltr'><strong><em>marcas,</em></strong></span> <span class='ocrx_word' id='word_1_810' title='bbox 1565 2364 1624 2390; x_wconf 83' lang='lat' dir='ltr'><strong><em>pro</em></strong></span> <span class='ocrx_word' id='word_1_811' title='bbox 1644 2351 1757 2381; x_wconf 83' lang='lat' dir='ltr'><strong><em>duobus</em></strong></span> <span class='ocrx_word' id='word_1_812' title='bbox 1777 2350 1886 2388; x_wconf 83' lang='lat' dir='ltr'><strong><em>mansis</em></strong></span> <span class='ocrx_word' id='word_1_813' title='bbox 1906 2350 2061 2379; x_wconf 82' lang='lat' dir='ltr'><strong><em>eorundem</em></strong></span> <span class='ocrx_word' id='word_1_814' title='bbox 2080 2350 2173 2378; x_wconf 82' lang='lat' dir='ltr'><strong><em>bono-</em></strong></span> 
     </span>
     <span class='ocr_line' id='line_1_108' title="bbox 1138 2392 2175 2436; baseline -0.007 -9"><span class='ocrx_word' id='word_1_815' title='bbox 1138 2410 1205 2427; x_wconf 86' lang='lat' dir='ltr'><strong><em>rum</em></strong></span> <span class='ocrx_word' id='word_1_816' title='bbox 1226 2398 1301 2436; x_wconf 84' lang='lat' dir='ltr'><em>IIIj</em></span> <span class='ocrx_word' id='word_1_817' title='bbox 1323 2400 1432 2426; x_wconf 83' lang='lat' dir='ltr'><strong><em>marcis</em></strong></span> <span class='ocrx_word' id='word_1_818' title='bbox 1460 2396 1531 2425; x_wconf 87' lang='lat' dir='ltr'><strong><em>inde</em></strong></span> <span class='ocrx_word' id='word_1_819' title='bbox 1558 2394 1744 2432; x_wconf 75' lang='lat' dir='ltr'><strong><em>recipiendis</em></strong></span> <span class='ocrx_word' id='word_1_820' title='bbox 1771 2396 1803 2421; x_wconf 84' lang='lat' dir='ltr'><strong><em>in</em></strong></span> <span class='ocrx_word' id='word_1_821' title='bbox 1823 2392 1910 2432; x_wconf 82' lang='lat' dir='ltr'><strong><em>festo</em></strong></span> <span class='ocrx_word' id='word_1_822' title='bbox 1937 2392 2017 2421; x_wconf 86' lang='lat' dir='ltr'><strong><em>beati</em></strong></span> <span class='ocrx_word' id='word_1_823' title='bbox 2037 2392 2175 2421; x_wconf 79' lang='lat' dir='ltr'><strong><em>Martini</em></strong></span> 
     </span>
     <span class='ocr_line' id='line_1_109' title="bbox 1139 2433 2172 2478; baseline -0.006 -9"><span class='ocrx_word' id='word_1_824' title='bbox 1139 2439 1277 2478; x_wconf 74' lang='lat' dir='ltr'><strong><em>episcopi</em></strong></span> <span class='ocrx_word' id='word_1_825' title='bbox 1299 2442 1470 2475; x_wconf 83' lang='lat' dir='ltr'><strong><em>annuatim,</em></strong></span> <span class='ocrx_word' id='word_1_826' title='bbox 1494 2447 1520 2468; x_wconf 90' lang='lat' dir='ltr'><strong><em>et</em></strong></span> <span class='ocrx_word' id='word_1_827' title='bbox 1541 2437 1696 2468; x_wconf 81' lang='lat' dir='ltr'><strong><em>contendis</em></strong></span> <span class='ocrx_word' id='word_1_828' title='bbox 1715 2435 1757 2464; x_wconf 87' lang='lat' dir='ltr'><strong><em>ad</em></strong></span> <span class='ocrx_word' id='word_1_829' title='bbox 1775 2443 1907 2471; x_wconf 83' lang='lat' dir='ltr'><strong><em>tempora</em></strong></span> <span class='ocrx_word' id='word_1_830' title='bbox 1926 2437 1982 2463; x_wconf 84' lang='lat' dir='ltr'><strong><em>vite</em></strong></span> <span class='ocrx_word' id='word_1_831' title='bbox 1995 2433 2075 2472; x_wconf 82' lang='lat' dir='ltr'><strong><em>sue,</em></strong></span> <span class='ocrx_word' id='word_1_832' title='bbox 2099 2433 2172 2472; x_wconf 82' lang='lat' dir='ltr'><strong><em>Post</em></strong></span> 
     </span>
     <span class='ocr_line' id='line_1_110' title="bbox 1141 2476 2172 2520; baseline -0.006 -9"><span class='ocrx_word' id='word_1_833' title='bbox 1141 2481 1297 2520; x_wconf 74' lang='lat' dir='ltr'><strong><em>decessum</em></strong></span> <span class='ocrx_word' id='word_1_834' title='bbox 1318 2494 1385 2511; x_wconf 83' lang='lat' dir='ltr'><strong><em>vero</em></strong></span> <span class='ocrx_word' id='word_1_835' title='bbox 1408 2493 1507 2511; x_wconf 86' lang='lat' dir='ltr'><strong><em>eorum</em></strong></span> <span class='ocrx_word' id='word_1_836' title='bbox 1529 2481 1572 2510; x_wconf 86' lang='lat' dir='ltr'><strong><em>ad</em></strong></span> <span class='ocrx_word' id='word_1_837' title='bbox 1592 2476 1838 2515; x_wconf 75' lang='lat' dir='ltr'><strong><em>anniuersarium</em></strong></span> <span class='ocrx_word' id='word_1_838' title='bbox 1856 2477 2010 2507; x_wconf 81' lang='lat' dir='ltr'><strong><em>cuiuslibet</em></strong></span> <span class='ocrx_word' id='word_1_839' title='bbox 2025 2476 2172 2514; x_wconf 80' lang='lat' dir='ltr'><strong><em>deseraiet</em></strong></span> 
     </span>
     <span class='ocr_line' id='line_1_111' title="bbox 1140 2518 2171 2560; baseline -0.007 -6"><span class='ocrx_word' id='word_1_840' title='bbox 1140 2537 1201 2554; x_wconf 81' lang='lat' dir='ltr'><strong><em>una</em></strong></span> <span class='ocrx_word' id='word_1_841' title='bbox 1220 2536 1338 2560; x_wconf 84' lang='lat' dir='ltr'><strong><em>marca,</em></strong></span> <span class='ocrx_word' id='word_1_842' title='bbox 1362 2524 1493 2553; x_wconf 86' lang='lat' dir='ltr'><strong><em>dimidia</em></strong></span> <span class='ocrx_word' id='word_1_843' title='bbox 1509 2535 1579 2552; x_wconf 85' lang='lat' dir='ltr'><strong><em>uero</em></strong></span> <span class='ocrx_word' id='word_1_844' title='bbox 1600 2532 1701 2551; x_wconf 86' lang='lat' dir='ltr'><strong><em>marca</em></strong></span> <span class='ocrx_word' id='word_1_845' title='bbox 1722 2520 1759 2548; x_wconf 75' lang='lat' dir='ltr'><strong><em>cle</em></strong></span> <span class='ocrx_word' id='word_1_846' title='bbox 1780 2520 1910 2558; x_wconf 82' lang='lat' dir='ltr'><strong><em>quolibet</em></strong></span> <span class='ocrx_word' id='word_1_847' title='bbox 1932 2520 1975 2549; x_wconf 89' lang='lat' dir='ltr'><strong><em>ad</em></strong></span> <span class='ocrx_word' id='word_1_848' title='bbox 1986 2518 2171 2558; x_wconf 84' lang='lat' dir='ltr'><strong><em>structuram</em></strong></span> 
     </span>
     <span class='ocr_line' id='line_1_112' title="bbox 1141 2560 2171 2601; baseline -0.007 -4"><span class='ocrx_word' id='word_1_849' title='bbox 1141 2579 1224 2597; x_wconf 86' lang='lat' dir='ltr'><strong><em>mona</em></strong></span> <span class='ocrx_word' id='word_1_850' title='bbox 1241 2570 1310 2596; x_wconf 80' lang='lat' dir='ltr'><strong><em>terii</em></strong></span> <span class='ocrx_word' id='word_1_851' title='bbox 1330 2574 1530 2601; x_wconf 70' lang='lat' dir='ltr'><strong><em>corruet-tetur,</em></strong></span> <span class='ocrx_word' id='word_1_852' title='bbox 1558 2573 1585 2594; x_wconf 85' lang='lat' dir='ltr'><strong><em>et</em></strong></span> <span class='ocrx_word' id='word_1_853' title='bbox 1606 2563 1707 2593; x_wconf 83' lang='lat' dir='ltr'><strong><em>abbati</em></strong></span> <span class='ocrx_word' id='word_1_854' title='bbox 1729 2561 1766 2590; x_wconf 86' lang='lat' dir='ltr'><strong><em>de</em></strong></span> <span class='ocrx_word' id='word_1_855' title='bbox 1787 2562 1919 2600; x_wconf 83' lang='lat' dir='ltr'><strong><em>quolibet</em></strong></span> <span class='ocrx_word' id='word_1_856' title='bbox 1940 2562 2068 2591; x_wconf 81' lang='lat' dir='ltr'><strong><em>dimidia</em></strong></span> <span class='ocrx_word' id='word_1_857' title='bbox 2091 2560 2171 2590; x_wconf 83' lang='lat' dir='ltr'><strong><em>cedet</em></strong></span> 
     </span>
     <span class='ocr_line' id='line_1_113' title="bbox 1140 2605 2171 2647; baseline -0.008 -8"><span class='ocrx_word' id='word_1_858' title='bbox 1140 2621 1262 2645; x_wconf 84' lang='lat' dir='ltr'><strong><em>marca,</em></strong></span> <span class='ocrx_word' id='word_1_859' title='bbox 1290 2608 1426 2647; x_wconf 83' lang='lat' dir='ltr'><strong><em>Insuper</em></strong></span> <span class='ocrx_word' id='word_1_860' title='bbox 1439 2620 1498 2646; x_wconf 80' lang='lat' dir='ltr'><strong><em>pro</em></strong></span> <span class='ocrx_word' id='word_1_861' title='bbox 1513 2607 1608 2646; x_wconf 80' lang='lat' dir='ltr'><strong><em>fideli</em></strong></span> <span class='ocrx_word' id='word_1_862' title='bbox 1621 2606 1754 2644; x_wconf 84' lang='lat' dir='ltr'><strong><em>seruitio</em></strong></span> <span class='ocrx_word' id='word_1_863' title='bbox 1777 2605 1952 2640; x_wconf 81' lang='lat' dir='ltr'><strong><em>eorundem,</em></strong></span> <span class='ocrx_word' id='word_1_864' title='bbox 1982 2612 2008 2633; x_wconf 93' lang='lat' dir='ltr'><strong><em>et</em></strong></span> <span class='ocrx_word' id='word_1_865' title='bbox 2025 2615 2083 2641; x_wconf 83' lang='lat' dir='ltr'><strong><em>pro</em></strong></span> <span class='ocrx_word' id='word_1_866' title='bbox 2097 2614 2171 2640; x_wconf 82' lang='lat' dir='ltr'><strong><em>pre-</em></strong></span> 
     </span>
     <span class='ocr_line' id='line_1_114' title="bbox 1141 2646 2170 2688; baseline -0.008 -6"><span class='ocrx_word' id='word_1_867' title='bbox 1141 2652 1239 2682; x_wconf 88' lang='lat' dir='ltr'><strong><em>benda</em></strong></span> <span class='ocrx_word' id='word_1_868' title='bbox 1266 2655 1305 2681; x_wconf 83' lang='lat' dir='ltr'><strong><em>cis</em></strong></span> <span class='ocrx_word' id='word_1_869' title='bbox 1324 2654 1414 2688; x_wconf 84' lang='lat' dir='ltr'><strong><em>prius</em></strong></span> <span class='ocrx_word' id='word_1_870' title='bbox 1436 2651 1510 2680; x_wconf 88' lang='lat' dir='ltr'><strong><em>data</em></strong></span> <span class='ocrx_word' id='word_1_871' title='bbox 1532 2651 1667 2679; x_wconf 75' lang='lat' dir='ltr'><strong><em>uolumus</em></strong></span> <span class='ocrx_word' id='word_1_872' title='bbox 1693 2654 1726 2676; x_wconf 84' lang='lat' dir='ltr'><strong><em>ut</em></strong></span> <span class='ocrx_word' id='word_1_873' title='bbox 1748 2647 1902 2676; x_wconf 84' lang='lat' dir='ltr'><strong><em>comedant</em></strong></span> <span class='ocrx_word' id='word_1_874' title='bbox 1923 2654 1951 2675; x_wconf 90' lang='lat' dir='ltr'><strong><em>et</em></strong></span> <span class='ocrx_word' id='word_1_875' title='bbox 1972 2646 2076 2676; x_wconf 85' lang='lat' dir='ltr'><strong><em>bibant</em></strong></span> <span class='ocrx_word' id='word_1_876' title='bbox 2098 2656 2170 2682; x_wconf 76' lang='lat' dir='ltr'><strong><em>pro-</em></strong></span> 
     </span>
    </p>
   </div>
   <div class='ocr_carea' id='block_1_23' title="bbox 1142 2688 2173 2734">
    <p class='ocr_par' dir='ltr' id='par_1_23' title="bbox 1142 2688 2173 2734">
     <span class='ocr_line' id='line_1_115' title="bbox 1142 2688 2173 2734; baseline -0.01 -9"><span class='ocrx_word' id='word_1_877' title='bbox 1142 2695 1267 2725; x_wconf 82' lang='lat' dir='ltr'><strong><em>bendam</em></strong></span> <span class='ocrx_word' id='word_1_878' title='bbox 1286 2693 1379 2734; x_wconf 76' lang='lat' dir='ltr'><strong><em>fitam</em></strong></span> <span class='ocrx_word' id='word_1_879' title='bbox 1393 2693 1474 2732; x_wconf 83' lang='lat' dir='ltr'><strong><em>ficut</em></strong></span> <span class='ocrx_word' id='word_1_880' title='bbox 1494 2691 1602 2733; x_wconf 81' lang='lat' dir='ltr'><strong><em>nostris</em></strong></span> <span class='ocrx_word' id='word_1_881' title='bbox 1624 2690 1754 2721; x_wconf 76' lang='lat' dir='ltr'><strong><em>dominis</em></strong></span> <span class='ocrx_word' id='word_1_882' title='bbox 1774 2689 1978 2730; x_wconf 78' lang='lat' dir='ltr'><strong><em>ministratur,</em></strong></span> <span class='ocrx_word' id='word_1_883' title='bbox 2010 2688 2173 2726; x_wconf 75' lang='lat' dir='ltr'><strong><em>ubicunque</em></strong></span> 
     </span>
    </p>
   </div>
   <div class='ocr_carea' id='block_1_24' title="bbox 1718 2738 1757 2772">
    <p class='ocr_par' dir='ltr' id='par_1_24' title="bbox 1718 2738 1757 2772">
     <span class='ocr_line' id='line_1_116' title="bbox 1718 2738 1757 2772; baseline -0.051 0"><span class='ocrx_word' id='word_1_884' title='bbox 1718 2738 1757 2772; x_wconf 88' lang='grc'><strong><em>31</em></strong></span> 
     </span>
    </p>
   </div>
   <div class='ocr_carea' id='block_1_25' title="bbox 1117 1520 1125 2734">
    <p class='ocr_par' dir='ltr' id='par_1_25' title="bbox 1117 1520 1125 2734">
     <span class='ocr_line' id='line_1_117' title="bbox 1117 1520 1125 2734; baseline 0 0"><span class='ocrx_word' id='word_1_885' title='bbox 1117 1520 1125 2734; x_wconf 95' lang='lat' dir='ltr'><strong><em> </em></strong></span> 
     </span>
    </p>
   </div>
  </div>
 </body>
</html>
