2482 3068
1171 171 1265 207 398

158 290 219 321 Sed
246 289 347 319 lVelzm
369 288 471 323 (Falsa
499 287 618 325 opinio,
648 283 774 323 Error),
807 283 935 313 'Vezirus
957 287 1037 321 ejus,
1070 295 1132 313 rem
1157 286 1192 313 ad

154 331 287 373 ‘Aqlum
314 332 408 360 defert
432 337 459 358 et
484 329 664 366 suspiciones
693 329 723 355 in
749 337 783 355 eo
812 333 928 361 movet,
957 328 1065 366 quibus
1088 327 1194 356 ductus

159 386 212 404 rex
228 376 322 403 filium
345 382 414 401 cum
437 373 522 400 sociis
538 372 568 398 in
587 370 707 398 vincula
723 370 830 405 conjici
845 370 936 405 jubet.
982 368 1080 398 Habet
1094 375 1193 398 autem

160 418 288 446 annulus
311 411 472 442 ab‘Hosna
489 411 560 440 Dilo
581 413 685 440 missus
703 417 731 439 et
755 412 791 439 ab
814 411 870 439 hoc
892 408 1025 439 Nazhari
1043 411 1194 440 custodiae

159 459 282 488 traditus
307 457 382 484 lianc
406 457 484 490 vim,
516 460 549 483 ut
571 456 622 493 qui
646 464 714 481 eum
735 455 766 481 in
790 463 840 481 ore
861 459 977 487 teneat,
1008 454 1063 481 sibi
1087 463 1194 493 aquam

160 501 281 529 vitalem
306 504 421 536 gustare
441 497 577 525 videatur
591 502 619 524 et
635 496 728 524 oculis
751 497 833 524 cerni
847 506 908 523 non
928 495 1037 534 possit,
1064 497 1136 524 item
1152 501 1195 529 ut,

159 542 402 582 quandocunque
429 540 516 571 velit,
548 538 584 566 ad
609 539 711 566 urbem
734 539 853 566 visionis
877 538 1077 566 transferatur.
1129 535 1195 566 Na-

160 583 231 612 zhar
249 584 339 621 igitur
358 592 392 609 eo
411 582 443 610 in
458 591 489 610 os
512 581 607 609 indito
624 582 654 608 in
671 579 991 608 Gulscheni-ruclisar
1014 581 1114 616 venit,
1145 580 1196 607 ubi

160 636 254 665 quum
270 635 307 652 ex
323 634 399 663 aqua
415 624 498 652 vitali
513 624 611 650 bibere
632 623 696 651 vult
707 645 714 658 ,
738 623 864 650 annulus
884 632 920 649 ex
935 632 983 650 ore
1002 621 1147 649 inhiantis
1165 623 1195 649 in

159 670 274 696 fontem
290 665 419 702 decidit,
444 666 495 704 qui
510 671 539 693 et
554 666 616 703 ipse
633 675 670 692 ex
692 664 834 702 adspectu
848 665 1009 693 evanescit.
1055 661 1195 692 Nazharo

161 709 422 737 vehementissime
439 707 552 735 dolenti
565 708 737 745 supervenit
752 704 852 745 Raqib
869 712 897 734 et
913 707 1038 744 pessime
1060 705 1196 734 habitum

161 754 190 779 in
208 760 356 780 carcerem
380 749 520 777 detrudit.
567 747 704 777 Tandem
727 746 848 777 Nazhar
870 749 957 776 crinis
980 749 1059 776 illius
1082 758 1197 775 memor

161 804 228 822 eum
245 793 408 821 comburit:
431 793 529 820 subito
552 791 633 819 adest
649 789 728 820 Zulf
747 797 774 819 et
796 791 926 819 vinculis
949 791 1053 819 solutis
1075 800 1143 818 eum
1165 791 1195 817 in

120 840 123 844 ‘
161 833 479 864 (J'ulscheni-ruchsar
495 833 625 868 reducit,
651 834 702 860 ubi
720 829 986 861 Nazhar‘Hosnae
1004 833 1081 860 facta
1097 832 1195 860 refert.

162 875 236 906 lrata
256 876 423 905 Ghamzam
448 886 517 904 cum
535 886 568 903 eo
591 877 667 903 clam
684 874 720 903 ad
737 876 839 902 urbem
856 872 960 903 Beden
979 875 1124 913 profectos
1142 871 1199 901 Di-

161 922 225 948 lum
242 925 270 947 et
288 918 447 956 Cbajalum
463 919 587 945 liberare
608 919 699 953 jubet.
748 915 912 945 Discedunt
929 927 996 945 cum
1014 926 1105 944 manu
1124 926 1199 953 pue-

162 971 262 990 rorum
286 960 514 998 Chatajensium
544 960 612 987 artis
641 960 772 996 magicae
801 965 829 986 et
861 958 992 986 venandi
1023 959 1198 995 peritorum.

162 1002 278 1032 Interea
291 1000 366 1041 ‘Aqt
395 1002 483 1029 duces
508 1003 538 1028 in
560 1002 693 1029 confiniis
716 1002 839 1038 imperia
863 999 1006 1027 habentes
1025 998 1199 1027 Nazharum

162 1047 196 1073 ab
213 1046 337 1072 introitu
360 1045 443 1081 regni
468 1042 623 1081 prohibere
642 1049 687 1078 et,
713 1044 737 1070 si
756 1042 838 1069 illabi
864 1048 1037 1074 conaretur,
1061 1051 1199 1078 compre-

163 1086 293 1115 hendere
310 1087 402 1122 jussit.
443 1083 479 1113 ln
494 1084 538 1113 his
557 1085 678 1113 ducibus
693 1090 763 1112 suut
779 1082 860 1121 Zarq
875 1083 1054 1111 anachoreta
1071 1089 1099 1111 et
1122 1083 1199 1110 fitius

162 1130 223 1165 ejus
246 1127 343 1156 Teube
362 1126 595 1165 (Poenitentia),
619 1128 670 1166 qui
688 1127 719 1154 in
737 1131 837 1154 moute
853 1126 1050 1154 abstinentiae
1066 1131 1093 1152 et
1109 1126 1201 1153 simu-

162 1173 238 1200 latae
252 1171 415 1199 sanctitatis
432 1179 529 1197 arcem
545 1168 642 1197 habet.
687 1167 776 1196 Forte
794 1166 928 1196 Ghainze
946 1173 975 1196 et
994 1165 1117 1196 Nazhar
1131 1176 1200 1195 cum

162 1214 259 1252 pueris
282 1212 318 1240 ad
342 1212 454 1240 radices
482 1213 562 1239 illius
584 1212 692 1239 montis
716 1211 787 1238 ebrii
811 1209 1044 1238 obdormiscunt.
1097 1207 1201 1237 Custos

163 1256 236 1284 arcis
253 1256 305 1282 ubi
321 1264 369 1282 eos
389 1254 557 1292 prospexit,
581 1263 643 1281 rem
668 1252 739 1280 hero
757 1253 918 1280 renuntiat.
963 1250 1129 1280 Confestim
1152 1252 1201 1278 in—

162 1298 278 1326 structis
296 1297 386 1335 copiis
401 1293 507 1324 Teube
522 1306 569 1323 eos
586 1304 758 1333 oppressum
775 1296 807 1328 it,
830 1294 881 1322 sed
897 1295 958 1332 ipse
973 1295 1008 1321 ab
1024 1294 1201 1331 experrectis

164 1339 316 1373 tunditur,
349 1348 402 1366 arx
423 1339 484 1373 ejus
507 1338 661 1376 diripitur,
693 1338 910 1365 monasterium
931 1334 1023 1375 Zarqi
1046 1336 1200 1363 evertitur.

165 1381 242 1410 Hinc
267 1381 390 1409 sublatis
415 1381 504 1417 signis
525 1381 650 1408 victores
673 1379 839 1407 Namfisum
864 1384 987 1416 petunt,
1027 1387 1118 1417 quem
1141 1386 1202 1404 uno

165 1433 324 1461 congressu
355 1420 500 1459 Qalcmlcr
525 1420 709 1460 (Mysticum
743 1421 924 1457 erraticum)
954 1420 1086 1457 faciunt3
1123 1424 1204 1457 post-

165 1476 257 1505 quam
274 1475 343 1493 vero
368 1474 461 1502 prope
481 1463 517 1492 ad
534 1465 637 1491 urbem
660 1461 762 1491 Beden
785 1468 950 1498 venerunt,
974 1461 1112 1490 habitum
1135 1471 1204 1489 mu-

164 1514 228 1536 tant
245 1513 273 1535 et
288 1508 371 1545 pueri
388 1506 512 1545 quidem
527 1505 690 1534 dorcadum
706 1503 734 1542 ⁹³)
758 1506 888 1543 speciem
902 1510 1035 1532 sumunt.
1054 1510 1058 1514 ”
1080 1501 1204 1531 Interim

166 1550 270 1579 Teube
290 1559 340 1577 eos
359 1548 396 1576 ad
417 1549 521 1576 urbem
540 1548 695 1586 praevenit
713 1552 742 1575 et
761 1548 822 1584 regi
838 1556 913 1585 quae
937 1545 1109 1574 acciderunt
1123 1554 1206 1572 nun-

166 1592 261 1620 tiavit.
306 1589 333 1619 Is
355 1600 466 1628 pavens
483 1591 554 1619 Dilo
570 1601 585 1618 e
607 1590 736 1617 vinculis
759 1594 879 1616 exemto
897 1593 926 1615 et
948 1587 1104 1625 splendida
1125 1592 1205 1614 veste

167 1633 278 1662 donato
301 1634 461 1660 imminens
481 1633 647 1670 periculum
673 1630 819 1664 ostendit3
849 1631 872 1658 si
897 1626 1080 1657 ab‘Hosnae
1105 1638 1206 1656 amore

167 1676 305 1704 desistere
329 1675 421 1710 nolit,
446 1675 606 1712 imperium
624 1674 772 1701 exercitus
794 1683 962 1710 capessere,
987 1672 1091 1699 urbem
1116 1671 1205 1698 visio-

167 1720 211 1747 nis
235 1727 407 1755 expugnare
432 1722 520 1756 atque
542 1717 583 1744 ita
600 1717 650 1743 illa
668 1715 758 1753 potiri
776 1715 877 1753 jubet;
902 1715 927 1742 si
944 1724 1013 1741 vero
1034 1714 1094 1751 ipse
1112 1713 1206 1740 victus

168 1761 272 1791 fuerit,
312 1760 347 1786 ab
379 1759 518 1786 omnibus
549 1762 725 1786 excusatum
752 1758 789 1784 iri
813 1757 949 1784 affirmat.
1005 1753 1123 1783 Invitus
1155 1752 1208 1781 Dil

169 1801 372 1831 conditionem
394 1802 511 1839 accipit.
555 1799 650 1828 Ssabr
668 1797 853 1838 (Patientia),
878 1798 939 1826 dux
956 1799 1115 1837 exercitus,
1140 1806 1208 1824 suos

170 1846 289 1878 lustrat;
321 1842 429 1871 deinde
453 1841 506 1871 Dil
532 1853 601 1871 cum
629 1852 698 1880 rege
726 1847 754 1869 et
775 1841 946 1880 proceribus
974 1841 1068 1868 aciem
1099 1838 1208 1867 educit.

169 1884 244 1915 Mox
260 1885 400 1913 dorcades
423 1886 492 1912 illae
516 1886 546 1912 in
568 1889 761 1922 conspectum
783 1884 925 1911 veniunt:
951 1881 988 1909 ad
1004 1892 1076 1920 quas
1094 1891 1209 1909 venan-

171 1928 222 1956 das
244 1938 336 1966 quum
357 1925 410 1955 Dil
431 1928 609 1965 praecurrit,
633 1925 722 1953 modo
746 1926 909 1963 fugientes.
934 1924 1022 1952 modo
1046 1924 1209 1952 subsisten-

171 1977 212 1998 tes
229 1980 297 1998 eum
318 1979 410 2008 usque
426 1968 463 1996 ad
478 1970 582 1996 urbem
601 1969 724 1996 visionis
741 1967 925 2006 producunt,
948 1977 1001 1994 rex
1018 1971 1118 1994 autem
1144 1970 1209 2003 post

171 2013 285 2051 aliquot
307 2011 368 2039 dies
389 2021 459 2039 cum
478 2012 610 2039 exercitu
631 2011 829 2049 subsequitur.
876 2007 956 2037 Tum
971 2005 1069 2036 ‘Hosn
1094 2007 1131 2035 ad
1155 2017 1210 2045 pa-

172 2061 246 2082 trem
262 2055 377 2088 scribit,
401 2064 433 2081 se
447 2063 508 2081 non
526 2054 623 2081 solum
640 2051 798 2087 Chajalum
823 2051 1005 2088 transfugam
1021 2052 1080 2087 jam
1095 2049 1209 2077 dudum

173 2096 278 2124 frustra
303 2105 319 2123 a
336 2104 403 2133 rege
414 2091 493 2135 tAql
510 2096 676 2133 repetiisse,
701 2094 753 2122 sed
769 2104 836 2122 eum
860 2094 910 2121 illa
930 2093 1133 2131 postulatione
1149 2092 1210 2119 ira-

173 2144 236 2166 tum
257 2148 338 2165 nunc
357 2137 463 2165 infesto
483 2139 618 2165 exercitu
641 2136 792 2164 advenire.
836 2134 889 2163 His
913 2135 1006 2162 literis
1025 2135 1139 2162 excitus
1157 2143 1211 2161 rex

176 2178 261 2207 Mihr-
280 2177 471 2217 (Amorem),
498 2189 649 2207 summum
667 2178 773 2206 ducem
787 2187 885 2211 suum,
909 2178 1073 2205 exercitum
1088 2176 1211 2203 lustrare

175 2228 261 2260 atque
284 2221 410 2249 educere
434 2222 524 2256 jubet.
578 2220 677 2250 Primo
701 2220 747 2248 die
775 2217 908 2248 Ghamze
933 2229 1001 2247 cum
1032 2219 1091 2246 suis
1114 2217 1212 2245 hostes

174 2263 342 2301 aggreditur
355 2286 361 2298 ,
385 2263 437 2291 sed
454 2263 530 2290 nibil
547 2262 698 2298 decernit;
728 2268 841 2300 postera
857 2267 943 2289 nocte
954 2257 1029 2300 ‘Aql
1046 2261 1112 2288 illos
1128 2261 1213 2287 iuva-

176 2306 235 2339 dit,
260 2305 311 2333 sed
327 2304 427 2332 Nesfm
445 2303 635 2343 (Zephyrus)
653 2306 780 2342 armiger
796 2304 904 2332 milites
920 2305 980 2339 ejus
998 2303 1128 2341 dissipat.
1163 2300 1213 2329 Sic

177 2348 297 2375 victoria
314 2347 411 2375 adhuc
428 2349 569 2385 ancipiti,
593 2348 677 2375 tertio
692 2342 846 2374 die‘Hosn
864 2344 992 2374 Chalum
1010 2346 1039 2372 in
1056 2345 1214 2373 consilium

178 2388 311 2417 advocat.
358 2387 383 2417 ls
400 2389 520 2424 suadet,
543 2394 576 2417 ut
594 2390 787 2417 fortissimum
805 2389 925 2416 fratrem
941 2396 1134 2426 germanum,
1162 2386 1214 2424 qui

177 2431 249 2458 falso
264 2441 317 2470 pro
333 2432 394 2469 ipsa
406 2428 505 2459 ‘Hosn
521 2431 663 2469 appellari
678 2433 769 2459 soleat
779 2428 830 2467 ᾗῇ)
843 2453 849 2465 ,
867 2441 905 2457 ex
921 2431 1014 2467 geniis
1031 2430 1138 2457 montis
1153 2426 1219 2464 Qaf

179 2479 318 2507 arcessat3
359 2475 381 2500 si
407 2475 564 2512 quisquam
594 2471 695 2500 Dilum
728 2483 832 2510 capere
862 2473 968 2510 possit,
1002 2470 1084 2499 hunc
1113 2479 1214 2509 posse;

250 2607 269 2637 ‘)
296 2606 320 2630 ln
341 2602 412 2641 551³,
448 2608 512 2639 quod
538 2612 561 2631 et
585 2609 720 2633 ‹lon-adem
746 2614 769 2632 ct
797 2613 928 2640 peccatum
954 2609 1096 2636 sicuificat.
1126 2608 1217 2631 iterum

181 2649 332 2677 ambiguitas
352 2649 416 2672 inest
437 2650 466 2672 dc
486 2650 611 2674 industria
633 2651 757 2682 quaesitu.

250 2699 277 2725 ““)
307 2698 414 2723 vim-tur
435 2699 578 2731 pulcritudo
597 2702 729 2724 terrestris
752 2701 905 2731 significari.
934 2708 1006 2732 quam
1026 2700 1118 2731 vulgus
1140 2700 1218 2723 homi-

183 2742 236 2756 uum
258 2738 351 2756 temere
371 2742 415 2765 pro
435 2734 541 2757 coelesti
561 2739 672 2766 appetat.

1242 286 1342 320 hunc,
1372 286 1509 324 quamvis
1535 285 1652 313 fortiter
1682 289 1817 322 pugnent
1844 284 1959 320 hostes,
1993 296 2097 315 omnes
2121 285 2281 314 victurum.

1244 327 1299 362 At,
1323 328 1419 366 inquit
1435 323 1550 358 ζΗοει1,
1573 326 1645 364 quid
1667 332 1730 354 tam
1753 327 1842 364 louge
1863 328 1967 356 absens
1992 334 2094 357 contra
2115 334 2285 367 praesentes

1241 367 1361 408 potest?
1405 367 1486 396 Tum
1505 364 1581 397 (31ιὲ1
1603 369 1760 406 globulum
1784 378 1823 396 ex
1844 369 1944 398 ambra
1965 371 2128 406 comburit,
2155 380 2215 410 quo
2231 371 2283 398 ille

1241 412 1384 440 continuo
1404 412 1523 438 accitur.
1571 408 1603 438 A
1623 420 1724 438 sorore
1742 409 1863 438 edoctus
1887 411 1958 449 quid
1976 413 2011 440 ab
2034 423 2068 440 eo
2089 413 2177 448 velit,
2197 411 2285 440 heros

1242 454 1409 482 exercitum
1426 452 1524 480 denuo
1542 453 1649 480 instrui
1664 452 1755 488 jubet.
1802 450 1941 480 Adduxit
1960 459 2058 482 autem
2076 465 2178 484 secum
2194 452 2287 482 Hilal

1241 494 1385 534 (Lunam
1408 494 1563 531 novam),
1588 495 1807 522 cubicularium
1830 504 1920 521 suum
1942 500 1971 522 et
1988 498 2140 534 egregium
2160 497 2283 535 sagitta-

1241 540 1338 572 rium,
1373 538 1425 576 qui
1449 537 1561 575 proelio
1585 537 1743 564 commisso
1767 537 1906 574 sagittam
1934 545 1951 563 a
1973 533 2105 566 Ghamze
2130 544 2284 577 acceptam

1242 582 1272 608 iu
1290 578 1352 608 Dili
1369 585 1470 618 pectus
1489 578 1603 616 dirigit,
1632 588 1690 618 qua
1708 588 1724 606 e
1741 588 1829 606 curru
1851 577 1997 613 dejectum
2018 589 2068 616 per
2085 590 2181 608 aerem
2197 582 2284 618 rapit.

1244 622 1362 650 Amisso
1393 621 1468 649 duce
1489 621 1635 649 exercitus
1664 630 1733 648 cum
1760 629 1827 657 rege
1857 620 1950 657 fugit;
1982 621 2032 647 sed
2057 619 2131 649 Zulf
2147 619 2283 650 ‘Hosnae

1242 666 1320 700 jussu
1341 673 1390 691 eos
1415 669 1585 701 persecutus
1603 658 1733 701 ‘Aqlum
1758 667 1787 689 et
1810 659 1954 690 Ssabrum
1979 663 2066 700 capit.
2111 662 2180 692 Ndz
2199 661 2284 701 (De-

1243 705 1367 744 liciae),
1398 707 1501 734 nutrix
1520 701 1674 740 ‘Hosnae,
1699 705 1725 731 ei
1751 703 1873 736 suadet,
1894 709 1927 732 ut
1943 701 2049 731 Dilum
2073 705 2188 743 aliquot
2213 706 2283 739 dies,

1244 749 1316 777 dun]
1338 748 1375 776 ad
1398 759 1428 776 se
1449 747 1565 781 redeat,
1593 749 1624 775 in
1649 756 1764 774 carcere
1789 745 1934 779 detineat,
1962 751 2094 773 ceterum
2119 749 2285 785 quaesitum

1245 792 1358 823 mittat,
1395 789 1466 829 quid
1495 790 1584 824 velit,
1617 788 1689 828 quid
1717 789 1828 824 jubeat.
1880 786 2042 827 Postquam
2075 789 2164 826 igitur
2184 785 2283 818 ‘Hosn

1245 830 1381 860 Mihrum
1409 833 1550 860 victoriae
1580 832 1722 860 nuntium
1751 829 1789 858 ad
1811 835 1927 868 patrem
1955 831 2087 868 legavit,
2121 828 2227 858 Dilum
2255 832 2286 859 in

1249 885 1451 938 όιῖήἰ-ὄαᾳαη
1475 897 1588 935 (Puteo
1611 898 1723 931 menti,
1747 897 1766 925 i.
1783 907 1809 925 e.
1834 897 1941 925 lacuna
1959 897 1990 924 in
2014 895 2136 934 mento)
2161 897 2193 925 in
2211 894 2288 926 Gul-

1244 940 1502 969 sclieni-ruchsar
1518 941 1661 973 collocat,
1685 945 1712 968 et
1729 935 1812 967 La‘li
1836 937 1987 975 (Rubini,
2012 940 2030 967 i.
2049 949 2074 967 e.
2091 939 2162 967 labii
2179 939 2288 968 rubino

1244 982 1386 1020 similis),
1418 984 1578 1020 pincernae
1610 983 1671 1016 sui,
1703 981 1838 1020 precibus
1870 987 1950 1008 mota
1978 982 2023 1009 illi
2054 991 2106 1019 per
2132 979 2289 1009 Tebassum

1247 1022 1383 1059 (Lenem
1401 1023 1605 1062 blandumque
1620 1023 1732 1061 risum)
1754 1024 1862 1050 vinum
1880 1023 1980 1051 mittit.
2021 1019 2122 1062 ‘lschq
2140 1022 2177 1051 de
2190 1023 2288 1052 victo-

1246 1067 1287 1094 ria
1316 1067 1422 1094 certior
1451 1066 1544 1093 factus
1569 1062 1702 1104 ‘Aqlum
1731 1075 1851 1103 quoque
1879 1065 1956 1092 filiae
1984 1064 2061 1092 tradi
2090 1065 2188 1100 jubet,
2225 1065 2289 1103 ipse

1247 1114 1347 1136 autem
1368 1109 1400 1135 iu
1431 1107 1618 1136 occidentem
1648 1107 1796 1145 profectus
1819 1107 1924 1134 urbem
1950 1104 2054 1134 Beden
2087 1106 2215 1145 imperio
2234 1116 2289 1135 suo

1245 1151 1373 1186 subjicit.
1424 1146 1550 1178 Interim
1572 1146 1671 1178 ‘Hosn
1701 1159 1770 1187 prae
1801 1150 1910 1176 amoris
1936 1149 2122 1187 impatientia
2152 1158 2168 1176 a
2199 1146 2254 1177 We
2272 1149 2291 1176 ὅ,

1247 1190 1380 1230 (Fide),
1405 1189 1498 1219 Ἰ11111111
1513 1192 1590 1227 filia,
1614 1191 1650 1220 de
1666 1189 1737 1219 Dilo
1751 1191 1807 1219 sibi
1823 1191 2011 1219 conciliando
2028 1191 2188 1219 consilium
2203 1192 2288 1229 petit.

1247 1233 1348 1264 Offert
1375 1235 1426 1262 illa
1450 1230 1584 1262 ‘Hosnae
1618 1231 1918 1272 Bdglzi-clilkusclzdi'
1945 1231 2100 1271 (Hortum
2123 1231 2289 1271 laetitiae),

1247 1307 1335 1336 quem
1353 1307 1442 1335 prope
1458 1297 1561 1324 urben]
1579 1295 1705 1332 habeat3
1730 1296 1772 1323 ibi
1789 1306 1850 1324 esse
1869 1293 2181 1324 Cesclzme'z'-‹7sclzin‹fi
2194 1293 2290 1335 (Fon—

1248 1346 1307 1368 tem
1336 1340 1460 1367 notitiae
1487 1340 1535 1367 vel
1564 1338 1714 1366 ineundae
1745 1337 1990 1375 consuetudinis)
2022 1344 2052 1366 et
2083 1336 2294 1376 Qasri-wis'dl

1249 1380 1418 1416 (Palatium
1435 1380 1578 1418 explendi
1595 1379 1739 1418 amoris);
1763 1379 1867 1408 suadet
1883 1378 1988 1408 Dilum
2006 1380 2036 1408 in
2054 1379 2178 1408 hortum
2191 1385 2290 1408 trans-

1249 1423 1318 1451 ferri
1341 1423 1456 1460 jubeat,
1486 1433 1545 1461 quo
1559 1424 1584 1450 si
1601 1423 1759 1460 aliquoties
1783 1423 1968 1449 ambulatum
1985 1423 2087 1455 iverit,
2109 1423 2196 1450 illurn
2216 1431 2288 1449 mox

1251 1466 1357 1493 amoris
1374 1466 1434 1492 vim
1450 1474 1617 1493 sensurum.
1662 1462 1766 1492 Placet
1782 1464 1960 1491 consilium:
1982 1461 2061 1491 Zulf
2073 1461 2180 1491 Dilum
2195 1473 2289 1491 noctu

1250 1508 1322 1535 illuc
1340 1507 1449 1541 defert,
1467 1502 1566 1534 ‘Hosn
1583 1506 1740 1534 subsecuta
1760 1505 1797 1533 ad
1815 1506 1955 1533 culcitam
1972 1504 2146 1533 dormientis
2164 1505 2289 1535 accedit.

1251 1555 1338 1586 caput
1355 1550 1415 1584 ejus
1432 1549 1620 1585 amplectitur
1638 1554 1665 1575 et
1680 1548 1759 1575 sinui
1775 1547 1929 1575 admotum
1946 1548 2074 1575 lacrimis
2089 1547 2209 1585 irrigat,
2232 1557 2291 1585 quo

1251 1591 1492 1628 expergefactus,
1522 1595 1554 1617 ut
1575 1600 1605 1616 se
1631 1590 1661 1616 iu
1680 1586 1814 1616 ‘Hosnae
1836 1589 1979 1626 amplexu
2000 1588 2100 1624 videt,
2127 1590 2289 1617 clamorem

1251 1632 1312 1660 edit
1342 1642 1374 1659 ac
1396 1631 1527 1659 sensibus
1552 1632 1706 1658 alienatur.
1753 1626 1851 1657 ‘Hosn
1881 1630 1911 1656 in
1935 1627 2128 1666 Qasri—wisal
2157 1629 2290 1665 discedit,

1253 1680 1407 1712 postquam
1432 1673 1603 1700 exanimem
1625 1670 1763 1708 Chajixlo,
1787 1669 1925 1700 Nazharo
1949 1676 1978 1699 et
1998 1670 2183 1701 Tebessumo
2208 1682 2292 1701 com-

1252 1717 1332 1744 misit
1356 1721 1383 1743 et
1404 1714 1439 1742 ad
1463 1716 1578 1743 fontem
1600 1715 1725 1742 notitiae
1746 1713 1856 1752 deponi
1876 1713 1978 1749 jussit,
2006 1714 2058 1741 ubi
2087 1713 2124 1741 ad
2151 1724 2183 1742 se
2206 1713 2293 1742 redit.

1253 1757 1372 1787 Postera
1389 1763 1477 1785 nocte
1493 1755 1597 1793 Chajal
1616 1762 1682 1784 ante
1699 1753 1806 1784 Dilum
1829 1765 1972 1794 magnum
1995 1765 2116 1784 cereum
2137 1754 2292 1793 accendit3

1248 1797 1345 1828 ‘Hosn
1362 1810 1430 1828 cum
1446 1798 1542 1828 Wefa
1558 1804 1587 1827 et
1601 1797 1664 1827 Naz
1684 1799 1714 1825 in
1740 1803 1820 1826 tecto
1836 1798 1939 1836 palatii
1955 1799 2169 1826 sessiunculam
2189 1796 2293 1833 habet,

1254 1841 1307 1871 Dil
1330 1852 1398 1870 cum
1415 1839 1540 1877 Chajfilo
1555 1847 1584 1869 et
1600 1839 1783 1869 Tebessumo
1806 1840 1842 1868 ad
1863 1840 1976 1868 fontem
2000 1840 2186 1869 convivatur.
2231 1837 2292 1869 Sed

1254 1890 1318 1923 post
1336 1885 1451 1923 aliquot
1472 1889 1572 1911 noctes
1596 1884 1636 1911 ita
1659 1878 1901 1921 peractas‘Hosn
1922 1881 2067 1910 desiderio
2090 1883 2168 1910 victa
2193 1880 2293 1910 denuo

1254 1937 1322 1955 cum
1338 1924 1400 1955 Naz
1416 1932 1444 1954 et
1459 1924 1555 1953 VVefa
1571 1926 1694 1954 consilia
1716 1925 1784 1962 agit.
1828 1922 2042 1958 Constituitur,
2067 1929 2100 1953 ut
2120 1921 2199 1952 Zulf
2217 1934 2294 1963 qua-

1255 1979 1313 2008 que
1335 1973 1424 1996 nocte
1443 1966 1549 1996 Dilum
1575 1978 1591 1995 a
1605 1965 1786 1995 Tebessumo
1809 1966 1956 1994 medicata
1973 1967 2093 2004 potione
2110 1966 2292 1994 inebriatum

1254 2012 1286 2039 in
1306 2016 1419 2039 tectum
1435 2011 1538 2048 palatii
1553 2015 1703 2048 apportet,
1726 2019 1758 2037 ac
1774 2014 1930 2048 postquam
1943 2004 2043 2036 ‘Hosn
2067 2018 2136 2037 cum
2161 2018 2196 2036 eo
2219 2017 2298 2040 con-⁴

1255 2055 1402 2086 sueverst,
1426 2063 1515 2080 mane
1536 2051 1573 2080 ad
1595 2052 1709 2079 fontem
1730 2056 1870 2089 reportet.
1913 2049 2050 2079 Eventus
2069 2051 2146 2079 votis
2168 2059 2293 2088 respon-

1257 2095 1323 2129 det,
1358 2095 1409 2123 sed
1441 2094 1479 2122 ad
1508 2095 1596 2122 breve
1623 2099 1749 2131 tempus.
1802 2091 1855 2121 Est
1886 2093 1967 2121 enim
1993 2093 2072 2120 inter
2102 2091 2293 2131 pedissequas

1251 2134 1385 2166 ‘Hosnae
1411 2134 1505 2164 thtir
1525 2135 1714 2173 (Aemula),
1742 2136 1803 2163 filia
1824 2132 1943 2174 Raqibo
1965 2140 2048 2173 patre
2072 2133 2178 2172 digna,
2202 2143 2292 2173 quae,

1257 2181 1392 2219 quamvis
1412 2175 1510 2207 ‘Hosu
1534 2188 1601 2206 eam
1619 2178 1696 2206 furta
1719 2187 1773 2205 sua
1793 2178 1885 2214 celet,
1916 2183 2018 2205 tamen
2042 2186 2076 2204 ea
2096 2175 2291 2215 persentiscit.

1256 2220 1362 2261 ltaque
1384 2218 1531 2249 ‘Hosnam
1554 2221 1652 2259 aliqua
1681 2225 1768 2248 nocte
1798 2220 1876 2247 clam
1901 2224 2004 2248 secuta
2025 2217 2098 2258 quid
2119 2218 2163 2246 rei
2188 2223 2293 2256 agatur

1257 2264 1339 2292 videt
1361 2270 1389 2292 et
1413 2265 1471 2291 cito
1492 2263 1614 2291 domum
1638 2261 1725 2290 redit.
1778 2259 1924 2290 Postridie
1945 2261 2102 2298 injuriam,
2125 2269 2215 2300 quam
2233 2259 2294 2287 sibi

1259 2307 1364 2334 factam
1387 2316 1449 2334 esse
1473 2310 1590 2339 censet,
1613 2305 1654 2332 ita
1673 2304 1773 2332 ulcisci
1790 2304 1907 2339 statuit,
1930 2308 1964 2331 ut
1980 2299 2115 2330 ‘Hosnae
2137 2301 2294 2339 amplexus

1258 2346 1322 2376 Diti
1343 2348 1511 2387 praeripiat.
1564 2344 1646 2374 Dum
1668 2345 1716 2374 hic
1745 2346 1836 2383 igitur
1863 2355 1932 2374 cum
1953 2342 2093 2374 Nazharo
2115 2348 2145 2373 et
2167 2341 2294 2381 Chajalo

1259 2391 1355 2418 ebrius
1374 2389 1411 2417 ad
1431 2390 1544 2417 fontem
1564 2391 1639 2425 jacet
1659 2393 1689 2416 et
1703 2388 1755 2416 illa
1776 2389 1806 2415 in
1826 2388 1897 2415 urbe
1918 2386 2042 2421 dormit,
2065 2386 2128 2425 ipsa
2150 2395 2221 2414 cum
2238 2385 2295 2414 ati-

1259 2439 1331 2472 quot
1354 2432 1460 2471 puellis
1479 2432 1509 2459 in
1534 2430 1654 2459 hortum
1677 2430 1854 2468 praecurrit,
1886 2434 1981 2457 vestes
2006 2438 2073 2456 suas
2096 2433 2158 2457 arte
2180 2428 2296 2466 magica

1260 2475 1297 2502 ad
1313 2475 1441 2513 speciem
1457 2474 1582 2502 vestium
1593 2468 1727 2500 ‘Hosnae
1744 2472 1950 2505 transformat,
1973 2470 2152 2499 convivium
2165 2470 2199 2498 in
2216 2474 2295 2498 tecto

1261 2518 1362 2554 palatii
1377 2517 1509 2550 iustruit,
1532 2513 1638 2544 Dilum
1654 2520 1683 2542 et
1696 2512 1869 2542 Nazharum
1884 2514 1960 2542 clam
1976 2510 2099 2548 Chajalo
2113 2513 2187 2541 illuc
2202 2517 2295 2540 trans-

1262 2560 1318 2587 fert
1333 2564 1361 2587 et
1377 2559 1478 2586 animo
1494 2557 1645 2586 satisfacit.
1685 2555 1791 2591 Chajzil
1811 2561 1912 2583 autem
1928 2560 2118 2592 experrectus
2133 2563 2226 2594 quum
2240 2563 2295 2581 nec

1261 2599 1367 2629 Dilum
1390 2611 1446 2628 nec
1466 2598 1638 2628 Nazharum
1658 2597 1776 2632 videat,
1800 2598 1957 2625 confestim
1978 2602 2092 2625 tectum
2115 2596 2220 2635 palatii
2242 2594 2293 2623 ad—

1261 2642 1394 2678 scendit,
1425 2643 1476 2670 ubi
1499 2642 1635 2670 illumin
1661 2640 1804 2678 amplexu
1832 2636 1961 2668 Ghairae
1985 2637 2178 2673 haerentem,
2214 2636 2295 2665 hunc

1262 2695 1331 2724 prae
1350 2685 1492 2712 ebrietate
1507 2685 1554 2712 sni
1575 2693 1634 2711 non
1656 2688 1822 2720 compotem
1844 2682 1968 2709 invenit.
2010 2677 2109 2709 ‘Hosn
2131 2680 2167 2708 ab
2190 2688 2226 2708 eo
2247 2687 2296 2706 ar-

1263 2728 1366 2755 cessita
1388 2726 1520 2754 nefando
1545 2725 1715 2764 spectaculo
1737 2729 1799 2752 tam
1823 2722 2017 2752 vehementer
2044 2722 2232 2761 percellitur,
2265 2724 2298 2747 nt

2448 567 2459 600 b
