2482 3068
1058 183 1153 226 233

56 315 230 351 intelligens
264 310 458 340 Venerab1'lis
478 311 588 350 frater
620 308 719 349 noster
741 332 748 339 .
882 331 891 340 ‚
912 307 1090 349 ilIerfibur-
1106 306 1109 333 ἶ
1124 308 1224 336 nuntii
1235 313 1360 343 propter
1376 305 1573 343 egritudinem
1586 314 1612 335 et
1624 308 1810 347 senectutem
1823 308 2026 348 personaliter
2041 307 2082 337 ad
2097 308 2160 338 Ro-

54 357 154 395 genfis
174 353 349 392 Episcopus
373 356 518 381 nuntiauit
539 360 566 381 et
581 350 713 392 scripsit
734 352 917 388 Imperatori
937 358 965 379 te
988 358 1091 380 contra
1107 368 1109 395 ἦ
1125 360 1242 378 manam
1259 348 1422 385 Ecclesiam
1446 360 1501 378 non
1522 347 1619 388 posse
1641 351 1780 380 accedere
1798 351 2004 388 proponebant
2028 351 2091 379 alia
2105 362 2159 389 que

55 399 192 428 honorem
221 397 350 433 Imperii
379 395 422 424 ad
449 395 617 424 Romanam
646 394 811 431 Ecclesiam
840 392 1008 434 “ccqlstsfi
1030 414 1038 422 .
1064 400 1091 420 et
1108 400 1109 403 ’
1127 390 1201 428 ipsis
1223 390 1332 419 obiecta
1346 392 1480 430 fuerant
1502 390 1680 428 denegantes
1695 413 1705 422 .
1721 395 1772 431 qui
1788 404 1848 430 pro
1863 392 1931 433 ipso
1951 391 2160 433 episeopofa-

53 440 251 478 priuilegium
281 441 311 466 in
341 440 404 466 eius
433 436 631 474 preiudicium
660 434 841 476 impetrasse
857 458 863 465 .
884 436 973 464 Vnde
1002 442 1092 463 motus
1126 441 1200 462 etum
1215 433 1316 460 taliter
1326 433 1531 470 proponebant
1547 455 1554 463 .
1570 434 1650 471 quod
1663 445 1727 463 cum
1743 435 1779 463 ab
1795 446 1827 463 eo
1843 443 1984 474 tanquam
1998 446 2017 464 a
2031 442 2080 464 tuo
2091 445 2161 471 pre-

55 483 224 519 Imperator
233 481 357 510 Curiam
369 480 425 508 tibi
437 480 556 509 indixit
573 501 580 507 .
596 480 829 515 etpriuilegium
839 477 904 514 fibi
915 476 1092 517 presentari
1108 480 1110 484 ’
1127 476 1188 504 lato
1211 474 1375 503 Abbatiam
1396 483 1422 504 et
1444 475 1653 504 Sacerdotium
1670 476 1864 517 percepisses
1879 477 1977 514 ,sicut
1990 478 2105 517 fueras
2126 478 2162 505 in

51 526 187 562 precepit
202 543 211 553 .
227 523 309 562 quod
336 530 483 559 receptum
510 522 607 551 noluit
635 520 689 549 tibi
707 519 895 558 postmodum
916 520 1070 556 resignare
1085 540 1092 546 .
1109 537 1111 543 ·
1129 520 1194 546 iure
1208 516 1372 556 confessus
1388 538 1395 546 .
1407 524 1533 554 propter
1542 529 1673 553 prauam
1695 518 1953 559 conuersationem
1973 518 2162 557 tuamsuper

56 574 84 596 et
106 565 176 595 dum.
198 568 232 593 ‘ia
253 564 313 594 hiis
334 573 360 593 et
381 566 453 593 aliis
473 572 500 593 te
517 575 576 601 per
596 561 784 603 Episcopum
811 564 943 599 grauari
961 560 1092 602 sentires
1110 591 1111 598 ἵ
1127 561 1228 588 multis
1250 559 1474 588 enormitatibus
1497 579 1503 586 .
1525 558 1634 599 cepisti
1659 572 1679 588 a
1700 561 1863 590 DIonachis
1888 564 2044 591 conueniri
2059 582 2066 590 .
2082 564 2163 590 inter

56 609 266 645 appellatione
289 606 467 644 interposita
480 606 587 644 sedem
608 604 804 643 apostolicam
826 603 955 642 visitasti
969 625 977 633 .
992 615 1011 632 a
1034 614 1093 641 qua
1128 614 1199 640 quos
1223 601 1380 639 episcopus
1397 612 1503 638 pacem
1525 608 1551 629 et
1566 602 1751 631 concordiam
1760 603 1867 641 sepius
1884 605 2062 643 reformauit
2078 624 2085 632 .
2101 614 2162 632 mo·

51 662 112 688 per
133 651 252 679 nuntios
274 649 487 687 commissionis
509 649 616 677 litteris
639 649 810 683 ‘impetratis
824 653 948 683 ,partes
968 645 1094 674 Judices
1128 656 1200 673 nens
1222 651 1249 672 te
1272 651 1302 672 ut
1325 643 1367 672 ad
1381 644 1513 682 frugem
1538 644 1672 672 melioris
1695 647 1753 673 vite
1767 644 1911 682 transires
1927 667 1935 675 .
1981 647 2053 675 Cum
2067 653 2164 675 autem

56 695 224 722 citauerunt
241 713 249 721 .
264 695 294 721 in
317 691 413 729 causa
437 690 510 729 ipsa
531 693 619 719 iuxta
632 690 773 729 formam
789 688 922 718 mandati
936 686 1094 724 apostolici
1122 688 1248 726 fratres
1258 697 1316 722 per
1331 696 1366 714 ea
1381 697 1435 723 que
1455 686 1715 725 iugiterfaciebas
1730 687 1766 716 cle
1780 694 1831 716 tua
1846 688 2048 717 emendatione
2063 688 2164 717 nulla-

52 733 237 774 processuri
253 758 259 764 .
286 734 397 763 Verum
420 733 491 762 dum
518 731 570 761 hec
593 739 754 769 agerentur
776 752 784 760 .
809 730 1003 759 Venerabilis
1016 731 1094 769 fra·
1128 737 1210 757 tenus
1225 729 1458 767 iamsperarent
1474 748 1481 756 .
1499 735 1603 756 contra
1621 735 1648 756 te
1659 728 1883 768 proposuerunt
1897 732 1927 758 in
1937 730 2048 767 sinodo
2064 730 2100 759 de
2115 729 2164 758 di-

56 784 103 806 ter
125 784 226 805 noster
248 797 256 805 .
391 796 400 805 .
423 773 697 811 ssIagdeburgenfis
710 772 967 813 Archiepiscopus
986 772 1028 801 ad
1040 783 1094 808 pe-
1128 770 1316 808 lapidatione
1332 791 1339 797 .
1357 769 1437 807 quod
1457 781 1504 798 res
1526 769 1717 807 Mourisa-rii
1734 783 1903 807 pauperum
1924 772 2025 808 usibus
2039 772 2165 808 deputa-

56 821 191 847 titionem
221 816 373 858 Episcopi
404 819 574 847 memorati.
591 816 628 845 cle
658 815 799 845 mandato
818 815 980 851 Imperiali
1007 822 1035 842 te
1057 813 1094 842 ab

57 861 169 900 officio
185 860 382 899 beneficioque
391 857 579 901 suspensum
595 870 614 887 a
634 856 814 897 monasterii
832 856 1096 896 amministratione

57 905 182 931 remouit
198 924 204 930 .
221 911 247 931 et
274 914 375 931 curam
404 905 467 931 eius
495 900 609 929 duobus
636 899 782 929 militibus
808 898 980 940 assignauit
996 920 1002 927 .
1019 898 1096 927 vnde

57 947 163 974 timens
191 945 308 974 abbatie
332 945 501 981 pericnlum
528 944 692 979 prouenire
720 953 785 971 cum
807 949 834 970 et
853 942 909 970 tibi
929 942 1095 978 periculum

58 989 222 1015 immineret
238 985 356 1024 ,super
382 984 591 1021 controuersiis
621 991 676 1023 q'ue
700 987 780 1013 inter
807 991 834 1013 te
856 992 882 1013 et
908 983 1095 1024 Episcopum

58 1036 86 1058 et
109 1028 249 1067 quosdam
269 1028 436 1058 Dlonachos
452 1027 643 1056 uertebantur
658 1048 665 1055 .
681 1026 840 1055 arbitrium
856 1025 1097 1063 Archiepifeopi

59 1078 87 1100 te
104 1069 271 1109 promisisti
286 1070 358 1107 sicle
380 1073 409 1099 in
432 1069 569 1098 manibus
599 1071 663 1097 eius
691 1068 763 1097 hinc
794 1068 863 1096 inde
886 1066 1097 1106 prestitaser-

60 1120 199 1142 staturum
216 1133 224 1141 .
261 1112 368 1150 Sic-que
381 1113 504 1152 factum
528 1110 569 1149 efi
597 1119 630 1140 ut
660 1109 729 1150 ipse
757 1109 1021 1150 Archiepiscopus
1043 1109 1097 1138 atl-

59 1157 168 1184 iunctis
194 1153 258 1191 fibi
289 1161 349 1183 tam
381 1155 504 1183 Clericis
532 1165 617 1191 quam
648 1153 751 1182 Laicis
767 1174 774 1181 .
790 1155 867 1180 inter
888 1163 959 1190 quos
986 1159 1049 1180 erat
1071 1159 1098 1179 et

59 1197 200 1236 Dapif'er
220 1196 395 1232 Imperialis
417 1195 481 1236 sub
504 1203 584 1224 certa
606 1196 717 1234 forma
742 1193 903 1222 arbitrium
920 1194 1098 1229 promulga—

59 1242 104 1268 uit
121 1260 128 1267 .
150 1237 221 1277 Post
251 1237 303 1267 hec
331 1241 435 1267 iterum
466 1237 594 1265 Romam
624 1239 743 1264 veniens
759 1257 766 1265 .
789 1247 844 1274 que
855 1236 950 1274 facta
964 1237 1099 1274 fuerant

61 1281 157 1310 eidem
174 1279 390 1319 predecessori
411 1277 508 1317 nostro
539 1278 702 1315 diligenter
733 1288 884 1314 exponere
901 1276 1074 1315 procurasti
1091 1297 1097 1304 .

62 1326 112 1353 cui
134 1330 160 1352 et
181 1321 364 1363 aduersario
383 1330 432 1350 tuo
457 1343 463 1348 .
599 1342 606 1349 .
631 1319 755 1358 Custodi
776 1318 1010 1359 Jlenstmrgenfi
1026 1329 1100 1355 pro-

62 1366 198 1395 curatori
215 1363 290 1393 dicti
310 1363 448 1405 episcopi
469 1374 519 1391 nos
544 1362 603 1399 ipsi
625 1374 687 1391 cum
707 1360 841 1401 essemus
865 1364 894 1389 in
919 1363 1027 1389 minori
1050 1362 1099 1400 of-

54 1408 136 1446 ficio
159 1407 316 1446 constituti
333 1429 338 1435 .
355 1414 381 1435 et
402 1406 506 1434 dilecti
519 1406 590 1442 filii
610 1406 639 1433 I.
669 1405 750 1432 tituli
772 1404 880 1432 Sancti
899 1402 1046 1440 Stephani
1069 1405 1100 1431 in

64 1449 144 1478 Collo
166 1455 260 1477 monte
276 1472 283 1478 .
300 1456 326 1476 et
346 1449 374 1477 I.
398 1448 480 1476 tituli
501 1448 612 1476 Sancte
634 1445 742 1487 Prisce
762 1445 927 1483 presbiteri
951 1445 1100 1474 Cat-dina-

63 1492 105 1520 les
127 1490 263 1527 deputati
280 1492 401 1530 fuimus
423 1489 575 1518 auditores
598 1497 624 1518 et
646 1488 764 1518 tandem
787 1488 900 1517 auditis
924 1499 978 1526 que
996 1495 1101 1524 partes

62 1533 218 1562 duxerant
236 1533 436 1570 proponenda
453 1531 533 1572 .sub
563 1539 642 1561 certa
656 1533 768 1571 forma
796 1530 832 1559 de
855 1529 1006 1570 consensu
1023 1541 1099 1567 par·

61 1578 135 1605 tium
158 1573 255 1615 causa
277 1574 440 1615 commissa
451 1575 520 1614 fnit
542 1574 699 1603 Iudicibus
721 1573 868 1609 delegatis
885 1593 892 1601 .
909 1573 1047 1601 uidelicet
1071 1579 1101 1600 ut

62 1617 100 1647 de
120 1617 254 1646 omnibus
276 1618 439 1653 diligenter
457 1619 638 1655 inquirerent
655 1638 661 1644 .
679 1622 803 1651 excepto
826 1614 906 1652 quod
932 1614 1102 1651 indagatio-

63 1671 129 1690 nem
149 1659 297 1689 libertatis
312 1659 439 1688 eiusdem
455 1658 631 1696 monasterii
652 1670 716 1686 cum
739 1656 852 1685 duabus
877 1657 1007 1693 Gapellis
1029 1667 1103 1692 apo-

56 1703 175 1743 stolice
190 1701 281 1740 sedis
303 1703 440 1731 examini
453 1712 512 1737 per
537 1703 636 1729 omnia
657 1698 855 1740 reseruarent.
911 1700 982 1727 Cum
1006 1701 1104 1737 itaque

64 1743 195 1774 Judices
209 1743 339 1780 delegati
355 1751 460 1781 partes
474 1741 617 1782 adsuam
633 1740 823 1782 presentiam
840 1744 1016 1770 auctoritate
1031 1752 1104 1777 apo-

60 1785 176 1827 fiolica
206 1785 385 1827 evocassent
408 1809 415 1815 .
438 1793 613 1814 memoratus
645 1783 805 1825 episcopus
835 1783 986 1821 delegatos
1020 1782 1104 1820 ipsos

59 1827 224 1870 suspectos
234 1828 300 1865 fibi
312 1827 478 1866 proposuit
495 1851 502 1858 .
518 1835 544 1856 et
573 1825 683 1867 causas
706 1825 898 1866 suspitionis
926 1826 1106 1862 multiplices

66 1870 238 1910 asstgnauit
255 1891 263 1899 .
280 1869 493 1911 consequenter
523 1872 612 1899 eiiam
639 1880 738 1898 eorum
761 1869 861 1897 uolens
888 1868 1032 1897 iudicium
1055 1867 1105 1896 de-

65 1914 185 1943 clinare
197 1912 308 1953 sedem
340 1911 539 1950 apostolicam
567 1912 738 1948 appellauit
753 1934 761 1941 .
789 1911 840 1939 Set
862 1909 1001 1948 reuersus
1018 1909 1106 1948 post—

66 1955 186 1984 modum
208 1966 308 1984 coram
329 1954 445 1993 eisdem
458 1954 683 1993 sacramentum
705 1954 872 1992 calumpnie
888 1951 1025 1990 prestitit
1041 1974 1047 1980 .
1062 1960 1104 1981 te-

61 1997 128 2037 stes
153 1997 308 2035 produxit
325 2018 333 2026 .
353 1999 453 2035 petitis
483 1997 679 2026 dilationibus
707 2004 733 2025 et
763 1995 887 2025 obtentis
904 2015 913 2025 .
941 1995 1010 2032 Ipfi
1035 2006 1105 2031 ergo

68 2039 184 2069 iudices
198 2039 391 2077 procedentes
414 2043 446 2068 in
467 2038 563 2080 causa
584 2039 700 2069 auditis
721 2041 872 2077 utriusque
888 2040 991 2074 partis
1014 2039 1106 2066 ratio-

67 2081 157 2112 nibus
172 2103 180 2111 .
197 2089 223 2111 et
241 2083 362 2119 plenius
384 2083 546 2111 intellectis
569 2103 577 2111 .
601 2081 691 2120 gesta
713 2083 813 2110 omnia
835 2081 1014 2117 Sigillorum
1028 2079 1106 2117 suo-

68 2136 135 2154 rum
157 2127 318 2154 munimine
337 2124 479 2153 roborata
502 2123 660 2162 adsedem
675 2122 873 2161 apostolicam
889 2121 1083 2160 destinarunt
1099 2144 1106 2151 .

68 2169 226 2196 terminum
250 2167 393 2205 partibus
426 2169 606 2204 imponentes
631 2189 638 2196 .
663 2178 720 2205 quo
748 2173 899 2202 recepturo
923 2166 1107 2205 sententiam

70 2207 234 2250 apostolico
249 2208 291 2250 J'e
313 2208 485 2250 conspectui
493 2208 698 2247 personaliter
712 2207 923 2249 presentarent
941 2228 947 2236 .
964 2207 1007 2236 ad
1027 2218 1108 2245 quem

71 2259 104 2280 tu
121 2250 330 2292 personaliter
359 2251 499 2281 accedens
522 2272 529 2279 .
552 2252 723 2291 Episcopus
746 2262 805 2289 pro
820 2251 863 2290 fe
885 2249 962 2287 misit
985 2249 1109 2279 dilectos

66 2293 158 2332 filios
177 2294 223 2325 H.
245 2291 521 2335 Bletsburgensem
543 2295 727 2323 Canonicum
743 2315 750 2322 .
778 2301 804 2322 et
823 2293 865 2323 Β.
888 2294 995 2322 Sancti
1016 2293 1108 2322 Nico-

72 2337 117 2364 lai
138 2335 388 2378 ssIersburgenfis
406 2335 610 2376 Scolasiicum
632 2335 824 2376 responsales
845 2357 852 2364 .
874 2338 926 2374 qui
945 2336 1034 2375 g‘sm
1056 2346 1110 2374 que

74 2377 207 2414 delegati
234 2378 470 2420 transmiserant
498 2391 551 2408 nec
572 2378 731 2416 publicari
756 2378 860 2407 debere
890 2377 1027 2406 dicebant
1058 2388 1111 2406 nec

68 2419 168 2459 fidem
189 2423 232 2449 eis
248 2424 369 2458 penitus
390 2421 592 2450 adhibendam
615 2442 623 2449 .
648 2432 713 2450 cum
735 2428 761 2450 et
784 2432 803 2449 a
819 2419 977 2461 fitfpectis
997 2419 1110 2448 iudici-

73 2462 126 2491 bus
151 2485 157 2491 .
181 2470 208 2491 et
229 2462 302 2503 post
321 2465 553 2501 appellationem
576 2465 707 2500 legitime
734 2463 940 2500 ‘interpositam
962 2484 970 2492 .
994 2469 1112 2498 recepta

67 2505 194 2544 fuerint
214 2513 241 2533 et
262 2504 417 2546 descripta
432 2514 541 2543 .parte
561 2514 614 2535 tua
633 2508 813 2535 contrarium
828 2503 1006 2545 postulante
1022 2516 1111 2540 ,Ρη-

71 2545 181 2587 sertim
203 2549 276 2585 quia
295 2556 325 2576 ut
339 2550 475 2587 firmiter
497 2547 678 2589 asserebat.
693 2551 794 2577 nuntii
815 2549 991 2576 memorati.
1005 2545 1112 2586 perso‘

74 2600 145 2617 nam
160 2587 272 2628 standi
295 2590 405 2620 iudicio
427 2602 484 2619 non
507 2591 653 2620 habebant
675 2611 682 2619 .
707 2602 770 2619 eum
795 2591 1043 2618 excommunicati
1065 2588 1112 2626 es-

70 2629 145 2671 sent
161 2651 170 2660 .
186 2639 213 2660 et
228 2631 586 2673 EpU'copofltis'setsub
598 2644 678 2669 pena
687 2631 901 2673 suspensionis
921 2634 1086 2660 iniunctum
1102 2651 1110 2659 .

74 2680 109 2703 ut
129 2672 173 2702 ad
194 2672 318 2713 causam
340 2675 490 2711 agendam
512 2678 544 2704 in
563 2678 696 2712 propria
714 2673 852 2715 persona
875 2676 987 2702 veniret
1002 2695 1010 2703 .
1033 2672 1111 2711 qnod
1132 2683 1133 2686 ¹

75 2725 142 2745 cum
155 2726 214 2745 non
220 2716 334 2756 fecerit
349 2737 356 2746 .
368 2728 476 2754 penam
481 2716 698 2758 suspensionis
711 2719 842 2747 incurrit
858 2737 866 2746 .
883 2728 966 2755 quem
977 2716 1112 2754 predicti

1129 821 1175 841 tas
1191 834 1198 841 .
1222 810 1398 851 uoluptuose
1422 813 1607 850 consumeres
1629 833 1636 840 .
1661 820 1687 841 et
1707 825 1766 849 pro
1788 813 1908 852 defmu
1926 814 2165 851 necessariorum

1131 856 1236 891 religio
1252 854 1294 882 ibi
1304 855 1423 890 penitus
1437 853 1583 890 deperiret
1599 876 1606 883 .
1621 861 1648 882 te
1664 857 1749 883 etiam
1765 854 1802 883 de
1816 856 1982 892 Sacrilegio
1998 877 2005 886 .
2029 857 2166 885 Simonia

1131 898 1254 935 aliisque
1274 896 1376 924 multis
1396 895 1565 925 criminibus
1587 897 1765 932 impetebant
1781 918 1788 925 .
1808 898 1956 926 interdum
1981 909 2081 927 coram
2106 900 2167 934 epi-

1125 939 1224 980 scopo
1237 937 1410 977 quandoque
1421 940 1451 966 in
1463 937 1617 977 presentia
1628 939 1800 968 Cardinalis
1812 962 1818 969 .
1830 951 1913 978 quem
1925 940 2080 978 episcopus
2094 947 2168 968 tam-

1132 983 1185 1010 diu
1193 980 1348 1021 sustinuit
1364 1002 1371 1009 .
1387 980 1466 1018 quod
1480 980 1640 1009 Monachis
1662 981 1809 1018 denegare
1828 982 1973 1020 iustitiam
1990 982 2143 1011 dicebatur
2159 1002 2168 1011 .

1134 1026 1248 1053 citatus
1263 1021 1372 1051 exinde
1387 1022 1423 1050 ab
1440 1024 1580 1062 episcopo
1597 1043 1604 1051 .
1620 1026 1755 1053 nuntium
1775 1023 1993 1064 misistisuper
2007 1027 2085 1053 omni
2096 1035 2168 1061 gra-

1132 1068 1248 1094 uamine
1262 1064 1342 1103 qnod
1355 1064 1407 1092 tibi
1417 1064 1516 1101 possst
1532 1066 1645 1104 inf'erri
1660 1087 1666 1094 .
1683 1068 1889 1106 praesentiam
1907 1085 1943 1089 —-
1965 1068 2034 1106 [pt-1·
2054 1074 2169 1096 senteu-

1133 1108 1217 1144 tiam]
1234 1125 1275 1130 —
1289 1105 1525 1146 Archiepiscopi
1534 1116 1745 1144 prouocantem
1762 1129 1769 1137 .
1801 1109 1872 1137 Cum
1892 1116 1988 1137 autem
2010 1120 2102 1147 neque
2111 1119 2170 1146 per

1133 1157 1161 1177 te
1185 1161 1276 1187 neque
1293 1160 1350 1185 per
1372 1152 1503 1177 nuntium
1528 1149 1570 1177 ad
1588 1149 1860 1190 Archiepiscopum
1881 1150 2065 1191 accessisses
2080 1173 2087 1181 .
2102 1148 2170 1190 ipse

1133 1190 1391 1228 Archiepilcopus
1406 1191 1604 1227 appellationi
1618 1199 1677 1219 tam
1690 1194 1874 1228 generaliter
1887 1194 1977 1231 facte
1992 1196 2022 1220 in
2034 1192 2170 1229 preiudi·

1133 1235 1209 1261 cium
1236 1232 1356 1268 ecclesie
1379 1232 1524 1261 iudicauit
1553 1233 1722 1263 nullatenus
1745 1234 1940 1273 deferendum
1964 1254 1974 1264 .
1998 1233 2172 1273 Episcopus

1135 1277 1231 1312 itaque
1245 1273 1344 1302 habito
1355 1274 1536 1310 prudentum
1559 1274 1680 1311 consilio
1704 1278 1824 1305 citatum
1848 1276 1945 1304 denuo
1966 1284 1994 1304 te
2009 1276 2046 1305 ab
2062 1277 2170 1315 officio

1134 1315 1518 1356 beneficioquesuspendit.
1536 1338 1542 1345 .
1571 1317 1695 1345 Interim
1705 1317 1925 1357 superueniens
1941 1318 2065 1347 dilectus
2080 1319 2172 1355 filius

1135 1360 1240 1398 noster
1261 1379 1271 1388 .
1296 1358 1325 1386 I.
1349 1359 1428 1386 tituli
1450 1359 1560 1387 Sancte
1581 1359 1729 1396 Stephani
1754 1363 1785 1388 in
1810 1362 1888 1390 Celio
1911 1368 2007 1389 monte
2026 1359 2173 1397 presbiter

1138 1401 1311 1430 Cardinalis
1329 1421 1336 1428 .
1351 1408 1422 1430 tunc
1443 1400 1604 1439 apostolice
1626 1401 1716 1441 sedis
1735 1402 1867 1439 Legatas
1889 1403 1932 1431 ad
1951 1402 2061 1432 (lictum
2082 1401 2173 1431 abba-

1135 1446 1205 1472 tiam
1228 1441 1354 1480 accesfit
1370 1465 1377 1471 .
1392 1451 1425 1472 ut
1447 1451 1630 1479 componeret
1659 1447 1737 1473 inter
1755 1453 1782 1473 te
1803 1453 1829 1474 et
1844 1444 2010 1474 Monachos
2031 1455 2172 1473 memora-

1136 1494 1179 1515 tos
1200 1507 1209 1516 .
1230 1486 1282 1514 Set
1304 1492 1332 1513 te
1358 1487 1392 1513 in
1419 1487 1502 1514 villis
1518 1488 1670 1522 proximis
1702 1488 1842 1516 latitante
1858 1509 1865 1517 .
1880 1495 1906 1516 et
1929 1488 2091 1526 DIagistro
2115 1488 2174 1516 VL-

1138 1538 1208 1557 Rlco
1232 1528 1383 1564 allegante
1399 1549 1406 1556 .
1430 1528 1525 1557 dictus
1550 1528 1727 1558 Cardinalis
1749 1530 1842 1559 latam
1864 1532 1896 1558 in
1916 1537 1942 1558 te
1956 1528 2174 1569 suspensionis

1130 1569 1313 1607 sententiam
1328 1570 1521 1607 confirmauit
1544 1592 1551 1599 .
1574 1571 1629 1600 Sic
1651 1583 1720 1608 ergo
1741 1572 1867 1601 latenter
1880 1573 2008 1601 Romam
2029 1574 2148 1600 ueniens
2165 1590 2174 1599 .

1119 1610 1351 1657 {commissionis
1373 1613 1487 1641 litteras
1508 1615 1637 1641 ueritate
1664 1616 1755 1643 tacita
1771 1635 1778 1643 .
1794 1622 1821 1643 et
1835 1613 1899 1654 sub
1916 1613 2023 1653 specie
2045 1623 2173 1642 renoua-

1119 1660 1120 1663 ’
1137 1656 1228 1682 tionis
1244 1675 1250 1681 .
1261 1655 1460 1690 priuilegium
1477 1675 1483 1682 .
1499 1655 1579 1693 quod
1597 1667 1747 1694 nunquam
1775 1664 1844 1685 ante
1868 1656 2013 1685 habueras
2037 1658 2175 1692 impetra·

1131 1695 1176 1735 fii
1198 1720 1205 1726 .
1231 1697 1359 1733 Cumque
1380 1696 1494 1725 iudices
1515 1697 1648 1734 delegati
1670 1719 1678 1727 .
1701 1698 1859 1736 Episcopo
1875 1697 2020 1739 suspecti
2047 1696 2151 1737 essent
2167 1718 2175 1725 .

1139 1747 1165 1767 et
1182 1738 1341 1767 Monachis
1357 1759 1364 1766 .
1385 1749 1404 1767 a
1426 1739 1532 1777 quibus
1551 1751 1604 1769 nec
1626 1742 1714 1769 unius
1735 1741 1797 1770 diei
1811 1749 1952 1778 poterant
1971 1740 2103 1768 indutias
2125 1738 2176 1767 ob-

1138 1784 1232 1810 tinere
1247 1802 1254 1809 .
1270 1781 1473 1817 appellatione
1495 1781 1670 1819 interposita
1686 1804 1693 1811 .
1716 1783 1753 1811 ab
1775 1782 1914 1823 episcopi
1942 1785 2056 1811 nuntiis
2070 1781 2175 1820 statim

1139 1835 1203 1853 cum
1216 1824 1417 1860 priuilegium
1433 1822 1647 1863 subreptitium
1668 1825 1815 1861 legeretur
1830 1847 1838 1853 .
1851 1833 1955 1861 partes
1970 1827 2089 1853 nuntios
2097 1822 2177 1863 suos

1139 1866 1182 1895 ad
1196 1865 1302 1906 sedem
1322 1864 1518 1904 apostolicam
1540 1866 1777 1907 tranfiniserunt
1792 1890 1800 1897 .
1819 1867 1855 1896 de
1877 1879 2001 1906 quorum
2019 1864 2154 1907 assensu
2170 1886 2178 1894 .

1140 1910 1235 1948 causa
1262 1907 1382 1937 tandem
1405 1909 1479 1948 fuit
1510 1910 1580 1938 aliis
1610 1910 1757 1938 iudicibus
1779 1909 1842 1948 sub
1872 1917 1953 1939 certa
1969 1910 2080 1949 forma
2102 1919 2178 1937 com-

1140 1951 1239 1990 missa
1255 1950 1354 1987 ‚ficut
1380 1953 1415 1979 in
1441 1950 1656 1992 commissionis
1685 1953 1795 1981 litteris
1826 1955 1989 1982 continetur
2011 1973 2018 1980 .
2039 1952 2092 1980 Set
2114 1961 2178 1979 cum

1142 2005 1201 2022 non
1223 2004 1319 2022 omnes
1332 1991 1463 2033 possent
1479 1997 1703 2023 examinationi
1725 1993 1818 2035 cause
1833 2002 1978 2032 .propter
1992 1996 2113 2022 nimiam
2130 1992 2178 2020 di·

1135 2035 1284 2075 stantiam
1304 2035 1447 2076 ‘intereff'e
1462 2057 1471 2065 .
1493 2036 1617 2065 dilectus
1630 2038 1723 2075 filius
1745 2059 1753 2065 .
1881 2059 1890 2067 .
1914 2036 2022 2066 Abbas
2044 2035 2081 2064 cle
2103 2036 2177 2064 Goi-

1124 2078 1228 2121 quoclze
1251 2099 1259 2106 .
1283 2089 1346 2106 una
1378 2089 1442 2107 eum
1469 2079 1685 2108 venerabilibus
1698 2079 1860 2119 fratribus
1881 2078 1988 2117 nostris
2009 2077 2088 2106 dieto
2110 2076 2178 2105 Ar-

1141 2119 1331 2161 chiepiscopo
1354 2142 1361 2149 .
1491 2141 1499 2150 .
1523 2121 1783 2159 Babbenbergenfi
1808 2129 1834 2151 et
1856 2143 1863 2150 .
1993 2141 2001 2148 .
2020 2117 2179 2159 DIisnenfi

1141 2162 1308 2204 Episcopis
1330 2169 1357 2191 et
1373 2164 1603 2201 quamplurimis
1618 2164 1806 2201 ecclestarum
1826 2164 1956 2192 Prelatis
1971 2184 1979 2191 .
1999 2164 2076 2191 inter
2099 2162 2180 2198 Epi-

1135 2205 1265 2244 scopum
1282 2225 1290 2234 .
1305 2212 1333 2233 te
1347 2227 1355 2235 .
1371 2213 1398 2234 et
1411 2205 1579 2235 Monachus
1590 2218 1694 2242 pacem
1717 2215 1743 2236 et
1759 2206 1948 2236 concordiam
1970 2205 2152 2244 reformauit
2167 2223 2178 2233 0

1142 2250 1256 2278 Iterum
1287 2254 1383 2276 autem
1404 2247 1447 2276 ad
1473 2248 1640 2277 Romanam
1662 2249 1828 2286 Ecclesiam
1861 2249 1987 2277 latenter
2016 2245 2179 2275 accedens.

1144 2299 1170 2320 et
1195 2300 1367 2327 proponens
1394 2289 1489 2318 multa
1515 2298 1620 2320 contra
1650 2291 1818 2321 Monachus
1847 2299 1873 2320 et
1901 2288 2119 2329 Episcopum!
2139 2286 2183 2316 αᾶ

1145 2334 1220 2362 duos
1246 2331 1393 2361 Judicum
1418 2332 1539 2361 illorum
1560 2335 1572 2361 !
1595 2344 1666 2371 quos
1693 2336 1843 2374 superius
1872 2331 2013 2372 episcopo
2049 2330 2182 2359 diximus

1145 2375 1216 2417 esse
1231 2373 1394 2416 suspectos
1417 2381 1443 2402 et
1465 2386 1484 2403 a
1506 2375 1612 2413 quibus
1634 2388 1729 2412 nuper
1751 2375 1818 2414 ipse
1839 2374 2014 2415 Episcopus
2032 2384 2090 2410 per
2108 2383 2182 2401 nun-

1145 2422 1200 2448 tios
1222 2417 1434 2454 appellauerat
1450 2437 1457 2444 .
1473 2418 1690 2458 commissorias
1711 2420 1825 2447 litteras
1844 2415 2007 2454 impetrasti
2021 2437 2029 2444 .
2046 2417 2097 2453 qui
2119 2425 2183 2444 cum

1145 2459 1244 2501 iustas
1265 2461 1452 2495 exceptiones
1474 2458 1612 2500 episcopi
1632 2472 1691 2489 non
1714 2461 1901 2489 admitterent
1931 2469 2003 2498 quas
2032 2460 2065 2486 in
2088 2458 2182 2486 conti-

1147 2506 1231 2533 nenti
1247 2500 1381 2539 probare
1400 2501 1512 2530 volebat
1535 2523 1542 2529 .
1556 2501 1663 2541 fidem
1685 2503 1876 2541 apostolicam
1898 2501 2067 2538 appellauit
2091 2521 2098 2528 .
2120 2498 2185 2528 Sed

1130 2546 1222 2583 ,ipfis
1243 2547 1272 2573 in
1295 2542 1390 2581 causa
1411 2542 1618 2573 nichilominus
1644 2545 1870 2581 procedentibus
1895 2566 1904 2574 .
1924 2546 2037 2573 inuitus
2059 2540 2185 2582 accessit

1130 2589 1191 2618 *ad
1209 2599 1258 2617 eos
1271 2608 1279 2615 .
1295 2588 1398 2614 timens
1419 2587 1536 2625 aesna
1563 2586 1685 2625 iusticia
1707 2588 1854 2624 deperiret
1876 2607 1884 2616 .
1909 2588 1980 2616 Cum
2000 2592 2099 2614 autem
2117 2582 2185 2621 pofi

1132 2632 1214 2671 lalia
1233 2640 1286 2668 que
1307 2627 1435 2657 Judices
1455 2627 1516 2664 ipsi
1531 2632 1658 2666 proprio
1680 2638 1758 2659 motu
1779 2631 1924 2670 fecerant
1951 2630 2107 2657 terminum
2125 2637 2183 2662 pu-

1151 2671 1302 2703 blicandis
1323 2668 1556 2707 attestationibus
1573 2673 1777 2713 prqsixiſj'ent
1795 2693 1803 2701 .
1824 2671 2002 2701 venientibus
2020 2668 2159 2705 partibus
2177 2689 2183 2695 .

1132 2727 1228 2761 *unus
1248 2721 1360 2744 tantum
1383 2714 1550 2749 comparuit
1571 2714 1608 2744 de
1633 2715 1778 2745 iudicibus
1794 2736 1801 2742 .
1822 2726 1888 2745 cum
1909 2714 2030 2744 alterius
2051 2713 2157 2740 nuntio
2174 2731 2183 2739 .

1737 2766 1779 2797 30
