2482 3068
1184 190 1271 221 XIX

295 297 347 328 Ad
371 295 451 327 Cod.
476 293 648 326 CLXXII.
672 293 702 324 b.
726 311 767 317 —
797 292 957 334 Sigeberti
980 290 1109 321 libellus
1132 290 1249 331 legitur
1272 291 1305 320 in
1328 287 1500 328 d'Achery
1521 287 1672 328 spicileg.
1699 287 1765 329 [ed.
1787 288 1827 319 de
1847 289 1880 319 la
1904 288 2025 331 Barre]
2050 295 2126 320 tom.
2151 289 2189 320 II.
2216 301 2285 331 pag.

169 350 365 380 759-769.
389 358 490 386 usque
515 345 555 376 ad
577 344 676 376 verba
699 344 818 375 codicis
842 344 943 373 nostri
967 341 1055 383 [pag.
1076 344 1126 372 51.
1145 341 1175 371 b.
1199 340 1257 370 lin.
1274 338 1338 381 2.]:
1362 341 1472 370 vicina
1492 342 1586 369 eraut
1608 341 1768 379 emptione
1786 340 2028 380 multiplicavit.

295 413 347 446 Ad
371 413 451 444 Cod.
477 410 689 443 CCCXCVI.
713 428 756 433 —-
784 410 932 448 Epitome
954 408 1048 438 huius
1074 409 1179 446 operis
1202 407 1343 443 Bodtnt,
1378 406 1461 444 quod
1486 416 1656 444 numquam
1679 407 1765 445 typis
1789 405 1982 444 descriptum
2006 410 2054 436 est
2078 404 2166 446 [nam
2192 406 2288 445 Poly-

169 475 281 504 carpus
305 464 469 504 Leyserus
492 462 573 492 illud
597 462 691 492 edere
719 464 842 491 tantum
865 457 1012 499 volebat]
1041 458 1159 499 legitur
1182 459 1215 488 in
1237 456 1357 488 Jahnia'
1378 455 1686 486 Bucherverzeichn.
1719 455 1813 486 Tom.
1834 456 1857 486 1.
1889 457 1974 487 Sect.
1995 460 2023 486 2.
2049 467 2118 495 pag.
2142 459 2231 486 1474.
2260 462 2289 486 et

170 518 263 546 1753.
286 532 328 537 —
358 514 409 544 Cf.
434 513 624 544 Dt'ecmcmu.
651 510 767 542 Sched.
791 510 830 540 de
854 508 1063 539 naturalismo
1085 508 1214 539 Bodini.
1244 508 1334 546 Lips.
1358 510 1450 537 1084.
1482 506 1660 537 Rez'mcmm'
1679 505 1827 537 biblioth.
1847 506 1946 536 theol.
1972 517 2041 547 pag.
2059 509 2132 537 986.
2163 506 2290 537 Lilien-

169 564 269 597 thalia·
288 564 366 595 bibl.
390 563 489 595 theol.
513 574 584 604 pag.
612 565 703 593 1044.
729 560 955 592 Nachra‘chten
977 563 1070 590 einer
1091 558 1283 589 Hallcschen
1306 556 1462 588 Biblioch.
1486 561 1565 586 tom.
1584 555 1638 586 III.
1664 567 1733 596 pag.
1751 560 1823 587 382.
1844 568 1890 595 sq.
1916 575 1954 580 —-

294 631 346 662 Ad
368 630 448 661 Cod.
468 627 684 660 CCCCXXI.
707 645 748 650 -
775 627 870 659 Hunc
893 626 1036 657 codicem
1059 627 1240 665 nuperrime
1259 625 1414 656 Pertzws
1435 622 1596 653 consuluit
1618 624 1650 652 in
1669 633 1761 653 usum
1783 622 2061 654 Illonumentorum
2085 622 2291 654 Germaniae.

293 697 346 729 Ad
363 696 443 728 Cod.
460 694 781 727 DCCCLXXXVI.
803 713 845 717 —
874 693 924 724 De
939 692 1135 724 bibliotheca
1152 693 1351 729 Pistoriana,
1375 690 1460 721 unde
1483 689 1584 720 multa
1607 688 1695 720 illius
1713 688 1793 720 Cod.
1815 690 1998 731 apographa
2021 691 2186 730 depromta
2209 695 2293 727 sunt,

170 749 210 780 cf.
234 748 268 780 E
274 747 291 779 b
302 752 390 780 erci
415 746 608 778 Geschlcltte
630 745 690 776 der
710 744 832 777 Dreed.
853 744 943 776 Kb‘n.
964 743 1121 775 Biblcotlz.
1144 754 1215 784 pag.
1235 746 1284 773 29.

295 814 363 846 Iam
386 825 481 853 supra
503 814 594 852 dixi,
617 823 669 844 me
688 823 745 851 ea,
769 822 849 851 quae
871 811 910 842 de
930 811 1166 850 possessoribus
1190 814 1245 841 aut
1267 808 1474 840 donatoribus
1498 811 1680 838 nostrorum
1701 807 1845 838 codicum
1866 808 1898 837 in
1922 808 2069 837 notitiam
2088 806 2166 836 mihi
2190 809 2294 838 venis-

169 870 258 904 sent,
296 876 367 896 cum
395 864 568 895 lectoribus
599 874 669 894 esse
698 863 1005 893 communicaturum
1037 866 1070 892 et
1098 865 1258 900 tamquam
1286 863 1319 892 in
1348 860 1459 892 tabula
1488 858 1744 897 propositurum,
1783 858 1815 888 id
1848 857 1931 895 quod
1960 856 2069 887 multis
2096 867 2188 896 spero
2212 857 2297 888 haud

170 918 329 957 ingratum
352 916 432 946 fore.
477 914 600 944 Eodem
624 913 696 944 loco
721 913 952 951 animadverti,
984 916 1110 951 praeter
1135 911 1270 943 Goetzn·
1291 920 1493 951 programma
1518 913 1550 939 et
1574 908 1713 938 indicem
1740 908 1949 946 donatorum,
1981 918 2127 938 mancum
2152 907 2243 938 illum
2268 911 2299 938 et

171 967 411 1005 imperfectum,
451 964 574 994 nullum
598 964 666 994 fere
689 963 769 994 mibi
794 963 894 994 fuisse
924 964 1065 1001 sontem,
1104 962 1189 992 unde
1219 962 1257 992 de
1288 959 1510 992 huiuscemodi
1541 958 1636 989 rebus
1665 959 1783 988 certior
1812 957 1884 988 fieri
1915 959 2101 996 potuissem.
2159 957 2296 988 Nomina

171 1027 298 1054 eorum,
337 1017 390 1054 qui
413 1015 539 1045 codices
563 1019 690 1044 nostros
714 1013 791 1043 olim
815 1014 1045 1053 possederunt,
1082 1023 1176 1051 saepe
1199 1013 1274 1043 inde
1297 1016 1421 1043 tantum
1450 1009 1530 1040 mihi
1560 1010 1786 1047 innotuerunt,
1827 1008 1909 1047 quod
1938 1007 2029 1038 libris
2060 1008 2116 1038 illa
2147 1009 2300 1048 inscripta

172 1070 264 1097 erant
286 1070 341 1097 aut
364 1076 408 1096 ex
429 1064 672 1096 emblematibus
698 1063 795 1106 [quae
816 1074 847 1094 v.
868 1075 895 1094 c.
925 1063 1161 1104 Wagenseillc',
1186 1062 1345 1099 Jordan,
1376 1059 1604 1100 UffenMclnT,
1629 1058 1785 1098 aliorum,
1810 1060 1937 1090 codices
1959 1058 2112 1100 habent‚]
2138 1058 2300 1097 patebant.

175 1117 353 1156 Proponam
376 1122 482 1147 autem
503 1115 705 1154 alphabetico
730 1114 842 1144 ordine
866 1115 1002 1152 primum
1026 1116 1156 1143 nomina
1176 1124 1285 1143 eorum
1304 1114 1466 1149 virorum,
1491 1111 1544 1149 qui
1563 1110 1690 1140 codices
1713 1109 1928 1140 bibliothecae
1953 1114 2082 1139 nostrae
2104 1109 2303 1138 donaverunt

173 1172 205 1198 et
226 1166 414 1207 legaverunt
436 1177 500 1196 una
523 1176 594 1196 cum
618 1165 763 1195 codicum
787 1164 871 1193 dono
896 1163 1076 1192 oblatorum
1102 1165 1353 1192 enumeratione.
1398 1162 1477 1191 Post
1500 1164 1672 1199 sequentur
1693 1162 1824 1190 nomina
1846 1170 1974 1199 eorum,
1999 1161 2052 1198 qui
2075 1158 2152 1189 olim
2176 1159 2303 1189 codices

174 1221 300 1248 nostros
329 1216 556 1256 possederunt,
597 1222 785 1251 quamquam
817 1210 897 1240 mihi
928 1211 1075 1250 quidem,
1116 1222 1177 1250 qua
1199 1213 1324 1242 ratione
1349 1211 1399 1241 illi
1422 1209 1638 1240 bibliothecae
1662 1214 1790 1240 nostrae
1816 1210 1893 1240 facti
1917 1211 2054 1248 fuerint,
2093 1220 2156 1239 non
2186 1209 2303 1248 ubique

173 1269 310 1297 constat.
357 1264 407 1295 Cf.
433 1274 512 1303 quae
535 1274 630 1303 supra
653 1262 797 1293 diximus
821 1272 892 1301 pag.
913 1259 971 1291 VI.

1221 1434 1250 1469 1.

670 1522 1149 1559 REGENSUS
1199 1521 1809 1558 noNAToRIJM.

306 1643 485 1676 Bauda'sius
510 1641 728 1685 [Leonhard.]
760 1641 856 1673 Ictus
882 1646 915 1673 et
936 1641 1069 1673 Praetor
1093 1642 1285 1681 Lipsiensis.
1339 1640 1441 1672 Codd.
1466 1639 1876 1672 CCCCIII=CCCCIX.
1906 1656 1947 1663 --
1985 1637 2127 1668 Bornim·
2151 1635 2308 1679 [Jacob.]‚

179 1695 322 1726 Electori
355 1694 434 1726 Sax.
465 1705 484 1724 a
514 1692 669 1724 Consiliis
699 1693 833 1724 intimis.
888 1691 1063 1723 XXXIX.
1094 1692 1185 1723 XLI.
1217 1691 1326 1723 XLV.
1360 1691 1488 1723 XLIX.
1520 1691 1560 1722 L.
1591 1690 1662 1721 LII.
1693 1690 1817 1721 LXIII.
1847 1688 2042 1720 LXXVIII.
2076 1686 2166 1718 XCI.
2199 1686 2307 1717 XCV.

181 1743 337 1776 XCVIII.
368 1743 538 1775 CXLVII.
567 1742 720 1774 CXCIV.
747 1741 979 1772 CCXXXIX.
1004 1741 1187 1773 CCXCIV.
1212 1741 1425 1773 CCCCXIV.
1484 1742 1657 1772 Praeterea
1685 1741 1768 1771 idem
1797 1740 1940 1771 Bor-nius
1969 1739 2111 1769 codicem
2142 1738 2307 1776 quemdam

180 1795 330 1833 donavit,
362 1805 454 1833 quem
477 1795 579 1824 index
604 1794 793 1824 donatorum
820 1792 908 1835 [pag.
931 1792 1000 1834 18.]
1027 1794 1105 1823 satis
1129 1793 1262 1823 obscure
1285 1794 1406 1831 „varia
1430 1791 1591 1833 elegantia
1614 1792 1779 1821 continere
1790 1793 1811 1808 ‘⁴
1835 1791 1923 1821 dicit.
1954 1807 1996 1812 —
2034 1788 2266 1826 Buckinstorff'
2283 1799 2308 1818 s.

180 1844 337 1882 Buxtorf
357 1844 597 1886 [Theodoricus
620 1842 696 1885 de],
728 1842 838 1874 facult.
862 1843 956 1873 iurid.
980 1843 1071 1882 Lips.
1096 1843 1299 1873 ordinarius.
1347 1842 1511 1873 CCXLII.
1539 1841 1707 1872 CCXLV.
1735 1840 1950 1872 CCXLVIII.
1976 1838 2307 1872 CCLII—CCLIV.

184 1894 330 1926 CCLVI.
356 1893 517 1925 CCLVII.
543 1892 995 1924 CCLle—CCLXVIII.
1022 1893 1190 1924 CCXCV.
1216 1891 1468 1923 CCCLXXIV.
1515 1892 1565 1923 Cf.
1594 1892 1730 1924 Goetziz·
1752 1902 1857 1932 progr.
1883 1903 1954 1933 pag.
1980 1894 2029 1923 19.
2062 1908 2103 1912 —
2140 1887 2308 1930 Freylugk

183 1944 306 1989 [Petu]
343 1944 438 1975 Doct.
468 1946 528 1975 iux.
557 1944 649 1984 Lips.
679 1943 893 1975 CCXCVIII.
926 1961 968 1966 —-
1018 1943 1190 1975 Gretsckel
1220 1942 1276 1986 [C.
1302 1942 1338 1974 C.
1364 1942 1418 1985 C.]
1458 1942 1554 1974 Doct.
1586 1944 1646 1973 iur.
1677 1942 1767 1981 Lips.
1799 1940 2045 1973 CCCLXVIII.
2080 1958 2121 1963 —
2166 1939 2311 1970 Haltaus

183 1995 378 2039 [Christian.
403 1994 564 2037 Gottlob.]
591 1994 745 2026 CCXIV.
776 2012 818 2017 —
856 1994 1004 2025 Heae'land
1026 1993 1230 2036 [Polycarp.]
1255 1994 1392 2025 Senator
1411 1993 1501 2033 Lips.
1553 1992 1616 2023 Hic
1641 1994 1673 2023 in
1697 1993 1802 2023 indice
1827 1993 1971 2024 donator.
1997 2003 2068 2033 pag.
2095 1994 2144 2021 ¹11.
2174 1990 2310 2020 donasse

184 2047 302 2078 dicitur
325 2045 510 2076 chronicam
532 2044 854 2086 Norimbergensem3
894 2045 950 2076 sed
973 2046 1042 2084 quis
1070 2046 1112 2075 sit
1137 2044 1188 2075 hic
1212 2045 1335 2083 codex,
1372 2044 1544 2085 ambigitur
1567 2045 1650 2074 inter
1672 2041 1894 2073 DCXXXIII
1911 2061 1952 2065 -—
1972 2039 2236 2073 DCXXXVIII.
2269 2057 2311 2062 —

183 2096 303 2128 Jacobi
327 2095 506 2138 [Roaiam]
538 2095 635 2127 ICtus
659 2100 690 2127 et
715 2096 847 2127 Praetor
871 2097 1011 2126 civitatis
1042 2099 1181 2125 nostrae.
1231 2094 1386 2125 XXXV.
1420 2094 1489 2137 [an.
1514 2090 1684 2124 XXXVI.
1700 2093 1711 2124 ’ἒ
1757 2092 1834 2124 Vid.
1866 2093 1931 2124 ind.
1963 2093 2108 2123 donator.
2142 2102 2213 2132 pag.
2239 2089 2309 2131 ot]

186 2146 297 2178 CXX.
323 2145 440 2177 CCIV.
465 2164 507 2168 —
534 2146 631 2177 Koch
655 2145 786 2188 [Chstn.
809 2145 946 2188 Traug.]
972 2145 1149 2176 Proconsul
1170 2144 1261 2184 Lips.
1285 2144 1420 2176 DCCV.
1445 2163 1487 2168 -
1519 2144 1728 2176 Κιιεείιιενηε
1756 2142 1845 2185 [Joh.
1868 2143 1972 2186 Phil.]
2006 2147 2037 2173 et
2061 2140 2215 2172 sicherus
2244 2139 2310 2182 [Jo.

185 2196 319 2240 Georg.]
344 2197 516 2228 Senatores
532 2197 729 2235 Lipsienses.
776 2196 827 2227 Cf.
845 2196 911 2227 ind.
933 2197 1077 2227 donator.
1102 2207 1174 2237 pag.
1192 2199 1243 2227 80.
1270 2195 1405 2226 Goetzis
1424 2205 1528 2236 progr.
1550 2206 1621 2236 pag.
1642 2198 1712 2232 18.,
1740 2196 1792 2233 qui
1814 2194 1964 2224 undecim
1983 2193 2073 2224 codd.
2098 2191 2137 2222 ab
2160 2191 2211 2221 his
2232 2191 2310 2221 viris

185 2247 320 2278 donatos
337 2257 406 2277 esse
424 2247 512 2285 dicit,
536 2258 580 2278 ex
597 2247 708 2286 quibus
725 2246 784 2277 hos
802 2251 926 2278 tantum
942 2246 1074 2277 laudare
1091 2256 1237 2285 possum:
1261 2245 1301 2276 ll.
1326 2245 1433 2276 XLII.
1458 2245 1582 2276 XLIV.
1606 2244 1767 2276 LXXVI.
1793 2243 1986 2275 CXXXIV.
2012 2242 2069 2285 [an
2089 2241 2290 2273 CXXXV?
2302 2240 2309 2282 Ι

187 2296 371 2328 CXLVIII.
397 2297 620 2329 CLXXXVI.
645 2296 882 2328 CLXXXVII.
906 2314 948 2319 —-
977 2296 1126 2327 Martini
1149 2295 1245 2338 [Geo.
1268 2295 1387 2338 Henr.]
1412 2296 1530 2326 Rector
1551 2297 1711 2336 gymnasii
1728 2294 1927 2326 Nicolaitani
1943 2293 2033 2332 Lips.
2058 2291 2309 2323 CCXXXVIH.

187 2347 371 2379 DCXCIV.
397 2366 439 2370 —
466 2349 560 2378 Palm
583 2346 672 2389 [Joh.
695 2347 801 2389 Frid.]
827 2347 962 2387 Collega
984 2347 1085 2377 eiusd.
1109 2357 1217 2387 gymn.
1243 2345 1452 2377 DCCCLVI.
1477 2340 1701 2376 DCCCLVII.
1726 2363 1766 2368 —
1798 2345 1940 2376 Rivinus
1966 2343 2023 2386 [Q.
2047 2344 2135 2383 Sept.
2157 2341 2309 2383 Florens]

186 2396 282 2428 Ictus
306 2402 337 2428 et
359 2397 534 2428 Proconsul
554 2398 644 2437 Lips.
671 2397 842 2428 CCCCLI.
888 2396 938 2427 Cf.
956 2396 1021 2426 ind.
1038 2396 1182 2428 donator.
1207 2408 1278 2438 pag.
1296 2399 1346 2428 36.
1371 2414 1413 2419 —
1441 2408 1462 2427 α
1477 2397 1596 2437 Ryssel
1617 2395 1767 2438 [Hieron.
1789 2395 1874 2437 Jac.]
1900 2395 2036 2426 Senator
2057 2393 2148 2433 Lips.
2172 2392 2308 2423 CXVII.

188 2452 221 2478 et.
241 2446 393 2479 CXVIII.
445 2447 534 2478 Haec
557 2453 642 2479 certe
666 2453 742 2487 puto
767 2459 855 2487 esse,
895 2458 974 2486 quae
999 2451 1227 2478 commemorat
1249 2447 1351 2477 index
1375 2446 1520 2477 donator.
1544 2458 1615 2488 pag.
1639 2449 1690 2477 26.
1721 2446 1813 2484 „duo
1837 2446 2054 2484 manuscripta
2078 2443 2214 2475 Gallica.
2226 2445 2246 2461 “
2270 2461 2309 2466 —

189 2495 386 2528 Schubertus
416 2496 508 2539 [Car.
532 2498 618 2528 Guil.
642 2497 740 2540 Aug]
773 2497 949 2537 bibliopola
973 2497 1162 2536 Lipsiensis.
1208 2496 1340 2528 CCXC.
1374 2496 1533 2528 DLXIX.
1564 2496 1739 2527 DCCCLI.
1772 2495 2013 2526 DCCCLVIII.
2045 2492 2309 2525 DCCCLXXV.

189 2546 855 2580 DCCCLXXVII—DCCCLXXXIII.
883 2547 1228 2579 DCCCLXXXVIII.
1252 2546 1482 2578 DCCCXCV.
1513 2565 1555 2570 —
1593 2545 1743 2587 Seeburg
1767 2544 1933 2588 [Mauris]
1961 2546 2097 2576 Senator
2119 2545 2309 2583 Lipsiensis.

191 2596 432 2628 DCCCCXVI.
463 2616 504 2621 —
541 2598 696 2630 Sieberns
729 2599 794 2641 [Jo.
821 2597 916 2640 Geo.]
959 2598 1035 2628 Vid.
1065 2597 1282 2628 Kuestnerus.
1313 2616 1355 2620 ——
1393 2596 1554 2639 Stegerus
1584 2595 1751 2639 [Adrian.]
1776 2596 1909 2634 §Consul
1932 2595 2023 2634 Lips.
2054 2597 2185 2637 triginta
2215 2605 2309 2625 unum

190 2647 364 2686 diplomata
386 2648 527 2679 donavit.
580 2649 656 2680 Vid.
684 2649 819 2681 Goetzc'i
838 2659 942 2689 progr.
975 2658 1045 2688 pag.
1069 2650 1119 2678 33.
1151 2652 1183 2678 et
1205 2648 1271 2678 ind.
1296 2648 1441 2679 donator.
1474 2659 1545 2689 pag.
1571 2650 1620 2678 12.
1650 2665 1692 2670 —
1739 2646 1917 2677 Teutonica
1946 2649 2086 2677 societas
2116 2646 2310 2686 Lipsiensis.

192 2696 517 2730 CCXI—CCXJII.
549 2698 769 2732 CCXXXIII.
798 2698 992 2730 DCCCCV.
1022 2696 1534 2729 DCCCCVI—DCCCCXIII.
1564 2695 1825 2728 DCCCCXVII.
1857 2715 1898 2719 —
1941 2697 2127 2737 IVagnerus
2158 2693 2309 2737 [Paulus]

194 2746 315 2778 Consul
336 2746 426 2787 Lips.
452 2748 634 2780 CCXCIX.
679 2749 756 2780 Vid.
776 2750 842 2780 ind.
863 2749 1007 2780 donator.
1032 2759 1103 2789 pag.
1124 2751 1173 2779 10.
1199 2768 1235 2772 --
1273 2748 1466 2780 lVeidmcmn
1491 2748 1640 2790 [Maurit.
1658 2746 1791 2789 Georg]
1817 2746 1994 2786 bibliopola
2013 2746 2103 2785 Lips.
2128 2744 2251 2776 CXXI.
2271 2763 2305 2766 -—

1554 2797 1641 2816 nst*-
1666 2801 1684 2828 2
