2482 3068
179 308 271 332 totum
287 303 360 332 Cod.
376 312 435 330 una
449 312 567 338 manus,
591 302 640 329 sed
658 301 706 329 illa
721 302 773 329 sibi
790 312 849 329 non
865 307 1016 339 constans,
1041 313 1119 332 nunc
1133 306 1225 333 maio-

179 355 224 374 res
240 355 317 373 nunc
332 346 457 372 minores
475 345 595 382 pingens
612 345 731 379 litteras,
755 354 829 381 quae
851 355 909 371 non
935 346 1051 382 quidem
1074 347 1160 384 plane
1176 357 1224 374 ru-

178 388 247 423 des,
278 393 307 414 at
329 397 423 422 neque
447 387 592 423 elegantes
616 386 764 414 dicendae.
809 388 882 413 Sunt
899 396 968 422 eae,
999 389 1085 415 etiam
1101 390 1224 416 initiales

177 436 323 464 versuum,
349 429 542 461 minusculae,
566 428 654 463 magis·
676 428 783 455 latinae
805 437 891 464 quam
911 429 1053 465 gothicae.
1098 431 1225 458 initiales

179 472 350 506 carminum,
375 479 454 497 more
470 470 499 496 in
515 470 600 497 MSS.
617 470 760 505 consulto,
785 470 956 507 plerumque
972 471 1087 507 desunt,
1114 477 1141 499 et
1158 473 1227 500 lmi-

179 516 224 540 ter
240 517 351 539 tantum
367 517 433 538 sunt
449 511 625 547 designatae.
671 512 851 548 Compendia
870 522 973 539 vocum
990 515 1099 542 crebra.
1144 515 1227 541 Atra-

179 560 309 582 mentum
339 554 477 590 temporis
507 553 697 580 diuturnitate
725 553 838 580 fuscum
868 554 986 583 sactum.
1036 556 1068 583 In
1093 557 1177 593 primi
1200 561 1228 583 et

178 596 272 623 ultimi
295 595 357 622 solii
379 596 513 622 columna
530 595 620 630 priori
636 595 676 621 sic
691 594 804 622 deletae
820 596 932 624 litterae
943 617 951 632 ,
982 601 1014 623 ut
1029 597 1084 633 legi
1101 599 1145 625 rix
1161 608 1228 635 pos-

178 638 252 674 sint3
276 646 366 673 quare
388 637 497 673 primos
512 636 552 662 XI
569 645 666 663 versus
682 636 750 664 odes
768 637 788 664 l.
806 638 898 664 serior
913 647 1010 675 penna
1028 639 1122 667 denuo
1143 639 1228 666 indu-

177 680 228 706 xit.
282 679 326 705 Ex
350 679 484 704 omuibus
505 677 564 712 his,
595 678 733 715 aliisque,
764 680 935 715 probabile,
966 681 1101 709 codicem.
1113 681 1228 708 Saeculi

178 720 258 748 XIII.
275 725 325 746 aut
340 719 417 747 X1V.
440 720 469 746 in
492 720 574 746 Italia
594 720 731 756 scriptum
748 730 819 749 esse.
864 721 984 748 Duabus
1001 724 1081 759 quasi
1098 723 1228 760 partibus

179 766 302 797 constat,
324 762 353 787 in
370 770 491 798 quarum
509 762 625 800 prima,
637 771 711 798 quae
723 761 813 797 odas,
837 762 956 799 Epodos
973 769 1000 790 et
1013 766 1137 791 (armen
1153 774 1227 792 saec.

179 804 328 838 continet,
358 803 491 839 singulae
521 803 645 839 paginae
674 805 704 830 in
735 804 815 830 binas
844 805 985 832 sectiones
1015 806 1121 833 divisae
1151 811 1228 841 sunt,

179 845 332 881 lineaeque
358 844 462 871 ductae
486 850 544 871 tam
567 851 745 872 transversae
765 846 909 881 xxviii,
940 856 1025 883 quam
1053 849 1087 874 ab
1107 853 1228 884 utraque

179 892 264 923 parte
280 886 315 913 ad
334 886 585 923 perpendiculum,
602 887 706 923 quibus
722 888 845 914 initiales
861 888 974 915 litterae
990 895 1018 915 et
1033 889 1228 924 longitudines

179 928 322 955 linearum
343 928 543 955 definirentur.
588 928 650 955 bec
673 929 757 963 libri,
789 939 841 956 nec
856 930 970 966 singula
985 924 1111 957 carmina
1128 940 1228 957 nume-

180 974 253 997 rata.
297 969 412 996 Paucae
442 970 663 1006 inscriptiones,
694 972 798 997 rubrae
827 971 893 998 illae
916 976 944 998 et
967 981 983 998 a
1007 973 1106 999 seriori
1131 982 1228 1000 manu.

179 1011 223 1040 Ut
244 1016 311 1038 ante
331 1016 422 1038 artem
438 1012 597 1047 poeticam:
627 1010 738 1046 Ittc1'111’t
759 1010 833 1039 liber
853 1014 996 1047 poetriae.
1040 1015 1093 1040 Ars
1115 1014 1229 1049 poetica

179 1053 277 1080 statim
298 1053 428 1089 sequitur
452 1052 582 1089 Epodos.
626 1053 743 1080 Scholia
768 1055 797 1080 in
821 1055 913 1090 prima
939 1060 1022 1091 parte
1048 1055 1229 1091 paucissima,

179 1095 211 1121 in
227 1095 317 1121 altera
332 1094 433 1131 plura,
464 1095 549 1121 etiam
571 1103 588 1120 a
610 1095 702 1130 prima
722 1104 828 1130 manu;
859 1105 875 1122 a
892 1106 949 1133 qua
966 1101 993 1123 et
1009 1097 1114 1122 codicis
1130 1096 1229 1121 inscri-

179 1137 242 1173 ptio
268 1140 324 1162 est:
367 1134 468 1170 Opera
493 1134 614 1171 Oracy:
645 1136 711 1162 ilem
736 1137 864 1170 poetria.
890 1153 925 1157 —
964 1138 1118 1163 Caeterum
1143 1137 1229 1163 etiam

180 1175 363 1204 lib-elmerus
385 1177 441 1203 hoc
465 1177 564 1204 codice
581 1186 647 1203 usus
664 1183 706 1204 est
730 1177 855 1213 (vocavit
871 1178 943 1207 Cod.
959 1178 1038 1214 Lips.
1057 1178 1098 1215 1.)
1123 1178 1153 1205 in
1169 1178 1229 1205 edi—

181 1220 260 1247 tione
276 1219 465 1255 Satyrarum,
487 1218 545 1245 vid.
563 1223 631 1246 tom.
649 1218 670 1246 I.
694 1228 760 1256 pag.
777 1219 810 1247 C.

665 1282 750 1318 XL.

577 1339 662 1372 [Κεφ.
683 1340 704 1365 1.
729 1340 774 1366 sol.
792 1340 838 1373 4.]

183 1387 285 1416 Codex
305 1386 541 1413 membranaceus
564 1386 750 1412 nitidissimus
771 1395 845 1413 saec.
861 1385 911 1413 XI.
930 1390 1080 1422 exaratus,
1105 1386 1184 1413 cuius
1201 1386 1230 1413 in

225 1429 370 1465 operculis
388 1432 533 1464 apparent
552 1427 676 1464 insignia
697 1428 870 1454 Electoralia
887 1428 1045 1463 Saxonica,
1068 1428 1230 1464 inscriptio-

226 1471 311 1497 nibus
335 1475 363 1496 et
387 1469 646 1505 subscriptionilnis
670 1470 830 1506 litterisque
852 1470 1008 1496 initialibus
1031 1470 1111 1496 milto
1136 1470 1228 1506 pictis,

224 1512 308 1539 lineis
333 1512 398 1538 stilo
420 1511 531 1546 ductis⁷
561 1512 702 1549 scriptura
723 1521 814 1548 usque
839 1511 875 1538 ad
897 1511 946 1539 sol.
971 1510 1038 1540 163,
1057 1521 1082 1539 ῃ,
1107 1512 1135 1538 iu
1158 1511 1229 1538 duas

224 1554 373 1580 columnas
390 1553 488 1580 diiisa.
534 1552 595 1581 Ful.
615 1552 641 1581 1.
658 1562 683 1581 a.
700 1553 772 1580 haec
789 1554 874 1579 verba
890 1553 1042 1589 leguntur:
1058 1552 1162 1580 Sancti.
1180 1552 1229 1580 Ιο-

226 1593 332 1622 lianm's
343 1591 569 1629 IIIagtlebm·clt;
594 1595 670 1621 soliis
687 1599 798 1621 constat
816 1593 885 1623 184.
932 1595 1125 1622 Continentur
1140 1595 1228 1622 haec:

205 1640 238 1674 a)
273 1636 332 1673 [1⁸01.
351 1636 378 1665 1.
396 1638 412 1662 b
432 1654 467 1657 —
486 1636 536 1664 45.
555 1638 580 1664 b.
597 1637 652 1664 col.
669 1635 708 1672 b.]
738 1636 909 1663 sirii-mn
934 1644 1029 1663 muna
1052 1645 1169 1664 ramus
1188 1645 1227 1663 Εἰ·

271 1688 432 1707 ssscrxntts
464 1677 599 1713 [Catilina
622 1683 649 1704 et
665 1676 815 1714 Iugurtha]
840 1687 903 1703 cum
920 1678 1021 1713 glossis
1037 1679 1228 1705 interlineari-

269 1722 333 1748 bus.
364 1720 453 1757 Incip.
469 1718 574 1747 Omnes
587 1717 713 1747 homines
728 1720 778 1756 qui
786 1716 862 1757 sele
872 1716 996 1757 student
1007 1717 1170 1758 praestare
1184 1730 1228 1747 ce-

269 1763 340 1789 lcris
368 1760 545 1789 animalibus
572 1767 625 1790 cet.
678 1762 789 1799 Explic.
821 1759 878 1788 Ex
901 1772 936 1788 ea
966 1760 1136 1800 tempestate
1153 1759 1229 1801 spes

269 1811 357 1842 alque
378 1801 459 1842 opes
474 1802 610 1842 ciuitata's
625 1804 656 1831 in
678 1803 729 1831 illo
746 1800 874 1842 sile.—
897 1804 997 1831 Codex
1014 1810 1055 1831 est
1072 1805 1167 1839 „adeo
1184 1814 1229 1832 re—

267 1847 370 1883 ligiose
393 1847 515 1884 scriptus
526 1846 557 1882 ,“
581 1847 688 1884 (in-quit
711 1845 826 1873 Curtius
848 1847 878 1872 in
902 1847 1025 1883 praefat.
1050 1847 1087 1873 ad
1110 1847 1228 1874 Sallust.

268 1898 336 1926 pag.
361 1889 418 1924 X.)
443 1893 497 1923 „ut
521 1889 581 1915 eius
605 1889 770 1915 auctoritati
792 1888 870 1915 haud
896 1889 1118 1915 temere-obniti
1143 1898 1228 1915 ausus

268 1931 331 1957 sini.
375 1931 474 1957 Annos
491 1931 639 1956 minimum
656 1931 829 1966 quingentos
846 1935 929 1956 natus
945 1936 1004 1956 est:
1025 1935 1053 1957 et
1068 1931 1090 1956 si
1107 1931 1229 1957 maxime

269 1973 366 1999 iunior
382 1973 466 1998 etiam
484 1977 568 2007 esset,
594 1972 718 1998 anilibus
733 1977 829 1998 tamen
847 1976 874 1998 et
889 1972 1072 1998 sanctissimis
1088 1973 1230 1999 membra-

268 2014 313 2041 nis
344 2014 380 2039 ob
411 2023 491 2049 eain,
521 2023 608 2050 quain
632 2014 706 2049 dixi,
736 2013 852 2040 laudem
881 2014 1065 2040 adnumerari
1094 2019 1228 2042 meretur.

270 2056 344 2082 Cum
365 2055 513 2093 voluptate
536 2055 674 2091 singulari
698 2055 844 2092 comperi,
869 2055 949 2081 illum
966 2056 1057 2081 ubivis
1072 2056 1133 2082 sere
1149 2056 1230 2082 Basi-

268 2097 374 2124 leensis
390 2102 417 2124 et
436 2097 594 2124 Fabriciani
613 2098 782 2134 primorum,
807 2102 838 2123 ut
854 2102 882 2123 et
899 2097 1120 2132 Guelferbytani
1138 2098 1230 2134 quinti

268 2139 407 2166 asseclam
432 2148 502 2167 esse.
546 2139 619 2165 Alibi
646 2144 704 2166 tam
728 2139 812 2165 docte
837 2141 931 2173 errat,
962 2139 1042 2175 quod
1066 2144 1161 2166 tamen
1185 2140 1231 2166 rix

269 2181 358 2208 semel
373 2186 459 2218 atque
475 2182 579 2208 iterum
594 2180 703 2208 sactum
718 2186 771 2216 est,
788 2185 818 2207 ut
834 2181 877 2207 rel
892 2180 1117 2217 prudentissimo
1133 2180 1230 2208 sucum

270 2222 367 2249 facere
386 2222 506 2259 queat.“

270 2263 331 2300 [sol.
348 2263 398 2294 46.
415 2273 432 2291 a
450 2282 486 2285 —
505 2263 574 2293 103.
590 2263 629 2300 IL]

271 2304 336 2334 177.

271 2358 385 2376 monum
418 2347 489 2377 libb.
512 2347 560 2376 ΙΙ.
627 2349 824 2376 Praemittitur
853 2349 909 2375 vita
942 2349 1118 2385 Horatiana,
1158 2359 1232 2386 quae

270 2392 358 2428 incip.
403 2387 702 2430 Horatiusflaccuf
715 2389 848 2418 libertino
864 2397 952 2425 patre
971 2388 1070 2430 natus
1084 2392 1115 2418 in
1130 2391 1232 2427 apulia

271 2438 325 2460 cet.
371 2433 452 2470 Opus
477 2435 571 2471 ipsum
595 2434 681 2470 incip.
707 2430 882 2471 IIIaecenas
896 2431 1004 2472 amuis
1020 2439 1073 2462 cet.
1119 2434 1231 2472 Explic.

668 2264 705 2296 Q.
729 2264 870 2291 Hortarii
894 2262 1014 2291 FLAcci
1039 2262 1136 2292 Car-m.
1158 2262 1228 2293 libb.

207 2263 239 2303 l»

266 2472 549 2514 peiorseipentibus
571 2473 677 2514 afris}
705 2476 856 2513 Adscripta
872 2481 938 2502 sunt
953 2476 1154 2514 scholia,quae
1171 2477 1232 2513 ple·
1249 2491 1250 2495 =

275 2526 397 2554 rumque
421 2527 484 2544 cum
514 2518 682 2555 Cruquiano
709 2518 864 2544 scholiasta
887 2519 1090 2554 consentiunt,
1121 2523 1151 2545 ut
1175 2519 1232 2545 iam

278 2557 424 2587 Vl'eberus
446 2560 646 2587 animadvertit
669 2561 697 2587 in
715 2560 760 2588 ed.
777 2559 887 2586 Lucani
904 2560 1032 2587 Cortian.
1055 2561 1092 2587 T.
1113 2561 1134 2589 l.
1164 2570 1231 2597 pag.

274 2600 382 2628 XXIII.
410 2619 446 2623 —
492 2602 709 2629 ‹Tonsorendum
732 2602 840 2629 curarit
863 2601 939 2628 hunc
969 2602 1116 2637 codicem,
1147 2612 1232 2639 quem

275 2643 349 2670 Cod.
374 2643 452 2681 Lips.
468 2642 498 2673 3.
522 2644 652 2679 vot-mit,
676 2644 762 2671 etiam
786 2641 967 2671 Kirclmerus
989 2645 1019 2671 in
1041 2644 1086 2672 ed.
1102 2644 1231 2680 Satyrar.

276 2685 342 2713 vid.
359 2690 427 2712 tom.
445 2686 466 2712 I.
492 2694 557 2722 pag.
575 2686 607 2713 C.
629 2687 677 2713 ubi
698 2685 769 2713 haec
785 2686 820 2713 de
837 2696 871 2714 eo
889 2687 1003 2713 retulit:
1027 2687 1169 2723 „Tertius
1185 2696 1233 2713 co-

273 2726 328 2754 dex
356 2736 424 2755 msc.
448 2727 647 2755 Bibliothecae
671 2729 843 2756 senatoriae
867 2728 946 2765 Lips.
972 2726 1066 2767 (pulp.
1082 2729 1104 2758 Ι.
1129 2738 1173 2757 nr.
1188 2725 1252 2766 4.)>

380 2304 480 2342 Epocl.
509 2304 545 2333 de
574 2312 638 2334 arte
656 2307 782 2342 poetica,
805 2305 955 2341 epistolar.
978 2305 1047 2333 libb.
1072 2306 1141 2344 IL,
1171 2316 1250 2334 ser—·

1205 178 1267 223 14

1343 306 1502 335 membran.
1526 305 1556 333 in
1579 304 1631 335 sol.
1650 310 1766 343 praeter
1780 307 1892 335 Horatii
1919 317 2007 346 opera
2022 309 2107 337 etiam
2123 309 2303 347 Sallustium,

1344 349 1495 376 Lucanum
1515 365 1550 369 -
1567 349 1728 377 continens.
1782 350 1806 376 Is
1824 351 1896 377 liber
1911 351 1959 387 qui
1976 351 2055 377 lanio
2071 352 2149 379 haud
2166 353 2304 388 innotuit,

1344 390 1544 427 Magdeburgo
1562 390 1646 425 olim,
1668 390 1911 426 quemadmodum
1927 393 2098 429 subscriptio
2115 393 2215 430 docet,
2234 393 2305 431 Lip-

1345 432 1417 459 siam
1439 432 1612 466 translatus,
1638 437 1742 468 poetae
1764 434 1854 460 nostri
1877 443 1966 470 opera
1981 434 2108 461 Sallustii
2125 435 2213 462 libros
2229 436 2305 462 exci-

1347 474 1455 511 pientia
1472 473 1564 499 Lwn
1580 473 1657 500 soliis
1680 474 1900 511 complectitur,
1929 485 1987 502 uno
2010 476 2181 512 deficiente,
2210 476 2304 505 Semi.

1346 515 1396 543 lib.
1419 515 1441 542 l.
1466 515 1527 543 Sat.
1551 514 1581 543 3.
1604 523 1631 543 v.
1655 514 1805 545 4—140.
1857 515 1995 553 Singulae
2025 518 2147 554 paginae
2177 518 2306 554 geminas

1345 566 1481 584 versuum
1504 557 1652 583 columnas
1673 557 1811 586 referunt.
1856 558 1947 585 Tituli
1971 559 2109 585 librorum
2125 569 2190 586 cuin
2205 559 2306 587 litteris

1347 599 1512 635 eclogarum
1529 599 1684 626 initialibus
1700 600 1788 626 minio
1805 599 1882 636 picti.
1926 600 2030 627 Cetera
2051 600 2156 627 iudicia
2171 600 2241 628 mihi
2257 601 2308 628 de·
2350 635 2352 637 Ι

1348 646 1434 676 sunt,
1464 640 1550 667 modo
1575 640 1603 667 id
1627 642 1755 668 notabile
1779 641 1908 676 videtur,
1938 641 2033 668 statim
2057 647 2123 669 ante
2140 643 2308 669 Carminum

1347 675 1461 709 initium
1486 683 1514 709 in
1535 683 1636 710 ultima
1659 682 1786 709 Sallustii
1813 683 1936 719 pagina,
1965 683 2079 710 brevem
2100 684 2178 711 illam
2196 684 2309 711 Horatii

1347 725 1433 750 witam
1450 724 1517 761 legi,
1540 734 1625 760 quam
1642 725 1766 761 primum
1783 725 1863 752 Alex.
1880 724 2058 751 Minutianus
2081 726 2109 752 in
2126 726 2171 753 ed.
2188 725 2307 753 mediol.

1349 764 1439 795 1486.
1457 764 1495 799 (v.
1513 766 1578 802 int'.)
1603 771 1666 803 post
1684 766 1771 794 mich.
1788 766 1929 793 Bentinus
1945 776 1960 793 e
1977 766 2040 794 cod.
2056 767 2092 794 ab
2108 767 2148 794 10.
2165 766 2308 794 Sichardo

1348 812 1466 844 accepto
1489 808 1518 834 in
1542 808 1587 836 ed.
1605 808 1692 836 nas-il.
1717 807 1806 837 1527.
1827 808 1934 845 publici
1955 808 2024 834 iuris
2046 808 2130 843 fecit,
2160 818 2228 836 mox
2251 808 2308 836 Iac.

1349 849 1494 886 Cruquius
1511 859 1526 876 e
1543 850 1733 877 vetustissimo
1756 850 1855 877 codice
1871 850 2027 876 Blandinio
2052 849 2148 877 denuo
2165 850 2210 877 edi
2227 858 2310 877 cura-

1347 891 1406 925 rit,
1438 891 1514 918 unde
1538 892 1567 918 in
1589 892 1782 919 recentiorum
1804 892 1964 926 editiones,
1995 892 2117 918 Gesneri
2143 890 2258 927 (Praes.
2279 900 2310 928 p.

1347 932 1453 968 XXX.)
1485 933 1556 959 lanii
1582 932 1686 970 (praes.
1708 933 1883 969 LXXXIII.)
1913 932 2130 960 Mitscherlichii
2155 932 2264 967 (Praes.
2279 942 2310 970 p.

1312 987 1320 992 ν
1349 973 1493 1010 CLXIII.)
1510 975 1547 1002 al.
1564 975 1686 1003 transiit.
1731 974 1790 1003 Fea
1810 974 1918 1011 (Praes.
1935 985 1964 1012 p.
1980 975 2114 1011 XXXV.)
2131 984 2146 1002 e
2162 974 2226 1002 cod.
2242 974 2308 1001 Vat.

1347 1014 1478 1051 Reginae
1494 1025 1536 1043 nr.
1552 1015 1581 1043 h.
1605 1016 1700 1043 denuo
1723 1026 1786 1044 eam
1801 1016 1960 1053 vulgarit.“
1988 1034 2023 1037 -
2055 1016 2088 1043 ln
2104 1016 2208 1043 tabulis
2223 1015 2312 1043 litho-

1348 1056 1492 1092 graphicis
1508 1058 1809 1093 speciminaSallustii
1831 1063 1858 1085 et
1876 1059 1987 1085 Horatii
2003 1058 2144 1086 dedimus.

1285 1097 1312 1128 c)
1343 1095 1404 1131 [fol.
1424 1096 1492 1125 104.
1509 1107 1525 1124 a
1551 1116 1587 1119 -—
1613 1098 1682 1127 1133.
1699 1099 1736 1135 a.]
1781 1100 1932 1127 anAxns
1959 1109 2022 1126 cuni
2048 1099 2172 1127 scholiis.
2218 1099 2310 1136 Incip.

1348 1137 1458 1164 BELLA
1477 1146 1537 1165 PER
1553 1138 1725 1166 EWIATHIOS
1737 1137 1914 1177 plu-squam
1923 1140 2025 1167 ciuilia
2039 1138 2230 1179 campofcet.
2252 1141 2313 1167 Ex—

1350 1179 1417 1214 plic.
1444 1176 1570 1215 Obsedit
1588 1177 1692 1217 mur-{s
1707 1180 1868 1208 calcantem
1886 1181 2148 1216 otienian1ngnmn,·
2172 1196 2213 1202 —
2241 1181 2314 1209 Gor-

1348 1220 1407 1246 11'118
1428 1219 1507 1247 hunc
1530 1221 1657 1247 codicem
1680 1222 1708 1247 in
1732 1222 1841 1249 eximiis
1857 1223 1980 1248 collocat
2003 1221 2069 1256 [vid.
2088 1224 2108 1250 I.
2127 1222 2186 1258 18.]
2215 1223 2312 1260 Apud.

1352 1259 1513 1289 ll'eberum
1535 1262 1607 1298 sigla
1629 1260 1652 1289 ‘l
1673 1268 1789 1290 notatus
1819 1268 1862 1290 est
1893 1262 1968 1295 (rid.
1993 1263 2029 1290 ll.
2050 1262 2141 1300 283.)
2187 1264 2232 1293 Cf.
2256 1264 2312 1292 Ed.

1350 1302 1469 1332 Lucani
1489 1304 1588 1331 Cortio
1600 1305 1788 1332 -W'eberiam
1813 1314 1879 1342 pag.
1896 1305 2029 1333 XXXIII.
2115 1335 2117 1337 ,

1352 1345 1413 1382 [sol.
1431 1345 1500 1375 163.
1519 1347 1544 1373 b.
1563 1363 1599 1367 -
1619 1345 1687 1376 184.
1704 1346 1741 1382 a.]
1767 1347 1936 1374 MARciAxl
1954 1347 2127 1374 CAPELLAE
2145 1355 2206 1375 nvo
2223 1354 2313 1375 Pmo-

1350 1396 1409 1416 ΕΗΒ
1426 1396 1512 1415 leu
1530 1396 1569 1415 nr:
1588 1397 1715 1416 &urnis
1731 1389 1894 1416 Mnncnnu
1912 1397 1952 1415 ET
1971 1396 2200 1417 1·}{11.01.0G1A1-:.
2237 1389 2313 1417 Cum

1349 1430 1464 1457 scholiis
1481 1430 1694 1467 copiosissimis,
1717 1439 1792 1467 quae
1813 1435 1890 1458 recte
1907 1428 2054 1458 lVeberus
2076 1431 2094 1458 l.
2112 1431 2130 1458 I.
2152 1431 2314 1466 expositio-

1348 1482 1413 1499 nem
1440 1469 1553 1499 doctam
1580 1478 1606 1498 et
1636 1471 1843 1507 amplissimam
1870 1479 1962 1500 vocat.
2023 1473 2112 1510 Incip.
2142 1473 2169 1499 T
2172 1481 2191 1501 U
2223 1480 2312 1507 QUEM

1350 1522 1563 1542 PSAmAExTi-:n
1580 1511 1728 1553 thalamis
1744 1525 1826 1552 quem
1848 1521 1941 1542 matre
1961 1525 2081 1543 camena
2104 1519 2158 1542 cet.
2198 1514 2312 1552 Explic.

1349 1554 1541 1593 Faueanique
1562 1566 1648 1584 muse.
1674 1563 1700 1584 et
1722 1554 1821 1596 clio-lis
1835 1556 1936 1585 lutosa.
1980 1557 2143 1584 Scholiasta
2165 1556 2229 1584 ead.
2245 1565 2312 1594 pag.

1348 1607 1406 1635 qua
1422 1598 1557 1625 Lucanus
1583 1600 1709 1636 explicit,
1735 1601 1775 1626 sic
1790 1601 1877 1637 incip.
1898 1597 2030 1638 Titulus
2044 1596 2102 1638 isle
2123 1604 2248 1635 quatuor
2262 1607 2314 1626 no-

1348 1641 1428 1667 mina
1457 1638 1510 1667 dat
1540 1642 1653 1668 auctori
1675 1638 1736 1679 suo
1767 1646 1820 1670 cet.
1883 1642 1996 1680 Explic.
2018 1639 2056 1681 fi
2076 1640 2193 1680 faueat
2222 1639 2315 1668 Iatoia

1347 1679 1449 1720 chelis:
1474 1680 1509 1708 id
1529 1680 1574 1720 ese
1596 1680 1770 1721 appollinis.

1283 1724 1313 1758 c)
1346 1724 1397 1752 sol.
1418 1722 1485 1753 184.
1502 1725 1529 1752 b.
1554 1724 1676 1752 habetur
1700 1734 1806 1762 mappa
1820 1725 2036 1762 geographica,
2059 1725 2148 1752 totius
2165 1724 2241 1752 orbis
2256 1728 2314 1752 tev-

1348 1775 1447 1792 rarum
1469 1766 1624 1803 imaginem
1648 1766 1806 1803 exhibens,
1837 1776 1925 1805 quam
1945 1767 2037 1805 lapidi
2057 1766 2243 1795 incidendam
2263 1775 2313 1794 cu-

1348 1816 1482 1837 ravimuS.

1739 1881 1842 1917 XLI.

1666 1930 1753 1963 [nep.
1772 1931 1794 1955 1.
1813 1931 1838 1956 4.
1856 1930 1918 1964 38.]

1266 1975 1367 2004 Codex
1390 1975 1626 2005 membranaceus
1652 1977 1688 2003 ab
1710 1976 1792 2002 initio
1816 1975 1934 2003 mutilus
1965 1974 2063 2011 [deest
2088 1976 2165 2003 enim
2187 1976 2312 2014 primum

1306 2017 1420 2054 solium]
1451 2027 1524 2045 saec.
1548 2018 1631 2053 XII.,
1660 2019 1845 2045 membranae
1868 2027 1981 2045 crassae
2002 2023 2030 2045 et
2049 2018 2180 2053 luridae,
2210 2018 2313 2045 litteris

1307 2060 1465 2086 initialibus
1482 2060 1639 2086 carminum
1655 2066 1684 2087 et
1699 2060 1838 2087 librorum
1854 2059 1920 2086 rudi
1936 2065 1997 2087 arte
2014 2060 2107 2097 pictis,
2133 2059 2314 2096 singulorum

1307 2111 1441 2129 versuum
1457 2101 1543 2129 modo
1560 2102 1653 2128 rubris
1664 2122 1672 2138 ,
1697 2101 1783 2129 modo
1809 2102 1878 2128 atris
1889 2122 1897 2137 ,
1923 2111 1987 2129 cum
2003 2102 2104 2138 glossis
2120 2101 2313 2129 interlineari-

1309 2144 1361 2170 bus
1378 2148 1405 2170 et
1420 2143 1535 2171 scholiis
1550 2144 1755 2180 marginalibus
1771 2153 1830 2171 non
1846 2144 1943 2180 magni
1959 2143 2107 2178 momenti,
2131 2143 2227 2171 folior.
2239 2141 2312 2178 115,

1309 2195 1434 2222 quorum
1451 2186 1592 2213 nonnulla
1611 2186 1647 2213 ab
1670 2186 1752 2213 initio
1776 2190 1803 2213 et
1819 2186 1848 2212 in
1865 2185 1922 2213 fine
1938 2186 1994 2212 situ
2010 2190 2038 2213 et
2053 2185 2196 2213 vermibus
2211 2184 2313 2212 admo-

1309 2227 1378 2254 dum
1394 2232 1530 2265 eorrupta
1546 2232 1621 2256 sunt.
1666 2228 1874 2255 Continentur:

1351 2270 1492 2297 HORAT11
1508 2269 1611 2306 Omns,
1629 2278 1668 2297 DE
1686 2278 1771 2297 ARTE
1788 2276 1937 2305 Pon'rch,
1952 2268 2083 2296 Eronos
2100 2275 2212 2304 LIBER,
2228 2267 2312 2296 CAR-

1268 2320 1335 2339 mnm
1367 2319 1574 2348 sumamus,
1602 2312 1731 2340 Erisrr.
1763 2319 1844 2339 uim.
1869 2311 1904 2339 11.
1916 2331 1925 2347 ,
1955 2311 2136 2338 Semnonum
2168 2318 2250 2341 mim.
2272 2309 2310 2338 ΙΙ.

1249 2370 1250 2390 1
1269 2354 1358 2390 Incip.
1376 2352 1402 2389 [a
1419 2363 1457 2382 vs.
1475 2353 1531 2382 Od.
1547 2354 1568 2382 I.
1583 2353 1613 2383 2.
1629 2352 1690 2389 38]
1722 2351 1814 2391 Quem
1835 2353 1915 2380 iuva!
1936 2351 2046 2380 clamor
2063 2351 2204 2390 galeeqne
2226 2350 2310 2379 leves.

1267 2395 1378 2432 Explic.
1397 2394 1539 2431 [Sermon.
1556 2396 1591 2424 II.
1608 2395 1636 2425 8.
1653 2395 1714 2432 95.]
1733 2393 1859 2423 Canidia
1880 2392 2035 2434 arlflasset
2057 2395 2144 2430 peior
2159 2391 2313 2433 serpenti·

1249 2434 1332 2476 ibus
1345 2435 1431 2476 aims
1453 2437 1480 2473 [a
1503 2447 1591 2465 manu
1615 2438 1742 2466 secunda
1765 2435 1883 2477 astris]
1908 2455 1943 2459 —
1974 2437 2148 2474 Bibliopega
2177 2437 2206 2464 in
2234 2435 2314 2464 soliis

1268 2480 1472 2507 connectendis
1496 2480 1570 2507 male
1594 2484 1721 2507 vei-satus
1744 2485 1805 2515 est,
1828 2481 1869 2507 ita
1889 2484 1919 2506 ut
1939 2479 2076 2506 soliorum
2100 2479 2171 2506 ordo
2188 2478 2235 2505 hic
2250 2485 2312 2506 esse

1271 2522 1389 2549 debeat:
1420 2520 1537 2551 f01.'79.
1562 2520 1611 2552 88.
1636 2521 1686 2551 89.
1711 2521 1761 2551 90.
1784 2520 1834 2551 91.
1856 2521 1906 2551 92.
1929 2520 1978 2551 93.
1995 2520 2045 2550 94.
2062 2521 2111 2550 95.
2128 2520 2178 2550 96.
2195 2519 2244 2550 97.
2260 2517 2310 2550 98.

1268 2563 1317 2593 99.
1344 2563 1412 2594 100.
1438 2562 1507 2594 101.
1535 2561 1602 2592 102.
1630 2562 1698 2592 103.
1723 2562 1791 2593 104.
1818 2562 1887 2593 105.
1913 2561 1982 2592 106.
2000 2561 2069 2592 107.
2089 2562 2156 2593 108.
2175 2561 2244 2592 109.
2259 2559 2309 2591 80.

1267 2605 1317 2635 Sl.
1333 2606 1383 2635 82.
1398 2605 1448 2636 83.
1467 2604 1771 2636 84.S5.Sss.87.110.
1788 2603 1857 2635 112.
1875 2602 2017 2634 111.113.
2034 2603 2103 2634 114.
2120 2603 2190 2633 115.
2219 2602 2313 2631 Mani-

1250 2648 1251 2668 i
1268 2648 1329 2685 puli
1345 2649 1454 2675 octonis
1469 2648 1545 2675 soliis
1561 2651 1709 2684 constant,
1734 2652 1849 2685 praeter
1864 2647 1941 2675 XIII.
1959 2653 1986 2674 et
2001 2647 2064 2675 XV.
2076 2667 2085 2683 ,
2111 2647 2161 2684 qui
2175 2653 2244 2673 sena
2258 2643 2311 2672 ha-

1250 2716 1252 2723 (
1270 2691 1346 2719 bent.
1392 2690 1451 2717 Eos
1467 2690 1629 2727 manipulos
1645 2690 1788 2717 recentior
1802 2698 1904 2716 manus
1920 2689 1950 2715 in
1966 2689 2059 2726 prima
2075 2696 2190 2726 quaque
2205 2686 2312 2724 pagina

1269 2731 1368 2760 infima
1382 2732 1504 2770 signavit
1519 2732 1561 2759 1¹¹³
1582 2732 1639 2760 IIus
1660 2736 1713 2761 cet.
1756 2732 1799 2759 Ab
1815 2739 1873 2759 una
1887 2739 1976 2759 manu
1991 2735 2068 2759 totus
2083 2729 2175 2759 codex
2190 2728 2312 2766 scriptus
