2482 3068
1091 170 1182 206 523

72 293 162 322 draco
192 288 292 319 multis
320 289 381 325 jam
414 284 537 315 ducibus
570 287 682 316 necatis
716 287 805 315 illum
837 297 956 327 quoque
986 286 1115 315 invadit.

70 333 173 373 (Hanc
196 333 273 370 regis
296 340 365 358 curn
388 329 517 358 dracone
542 339 674 368 pugnam
693 330 791 368 prima
814 331 905 359 verba
929 329 1040 358 codicis
1070 330 1119 357 in-

238 379 337 428 )b-ffi'
370 380 460 424 'tr-'51³5
493 381 612 428 58515ὺῖ
646 383 737 427 (5³³0
769 383 882 429 )35t:?
909 394 950 423 ,κ’
983 384 1118 422 &MP

69 440 166 488 &fil
193 438 334 484 ειςκίῳ)
387 437 574 468 Periclitanti
603 440 684 467 socio
708 435 825 477 Serg‘im
849 449 938 477 opem
960 439 1034 474 fert,
1067 437 1119 467 sed

68 499 132 538 ipse
155 508 171 526 a
195 496 326 526 dracone
351 498 498 526 obruitur.
544 494 661 524 Ambos
684 497 791 526 liberat
823 503 853 525 et
885 497 1047 525 draconem
1071 498 1118 524 in-

69 540 194 576 terficit,
229 541 288 568 suis
320 540 527 578 spectantibus
561 544 590 567 et
622 539 813 574 faventibus,
855 538 1118 575 Chosrew-schir,

69 583 147 611 filius
179 579 323 611 Scherit-
334 581 467 615 scham,
504 581 580 619 regis
607 582 759 617 turanici‚
796 583 892 610 fratris
926 580 1117 617 Huschenki,

68 623 241 653 adolescens
265 625 494 653 formosissimus
518 628 548 651 et
570 623 765 660 fortissimus,
789 626 840 664 qui
870 622 1055 658 Gulc'inam,
1081 623 1119 651 fi-

68 667 144 695 liam
168 663 240 695 Ser!
224 667 313 704 gani,
347 672 428 694 amat
451 667 488 694 ab
512 675 606 703 eaque
629 665 812 694 redamatur.
855 664 927 695 Post
958 665 1119 694 discessum

68 710 211 758 utrinque
234 710 342 757 epulae
360 710 445 741 fiunt,
468 709 546 735 inter
569 717 640 745 quas
661 708 739 746 apud
756 706 859 737 Persas
875 708 997 736 advenit
1013 705 1118 736 Schir-

69 761 183 790 pence,
216 752 267 791 qui
298 752 400 779 literas
423 749 588 778 Helhelani
616 755 646 778 et
675 751 802 778 aliorum
834 760 938 787 regum
973 749 1058 778 affert
1091 755 1119 778 et

70 793 146 833 quid
175 794 207 820 in
237 794 331 831 patria
360 797 465 830 agatur
494 792 625 819 nuntiat.
685 789 766 820 Dum
799 793 838 820 ita
870 792 983 820 bellum
1015 798 1117 827 cessat,

70 836 188 864 fervent
213 834 462 864 Chosrew-schiri
485 839 515 862 et
540 830 690 861 Gulc'inae
713 844 845 870 amores,
871 845 1000 874 quorum
1022 836 1118 863 inter-

70 382 202 412 ducunt:

70 887 196 915 nuntius
220 891 263 914 est
279 882 516 921 Ass1n‚h0m0
540 894 609 912 cum
624 882 737 912 Schir-
749 882 845 923 pende
867 884 1028 913 calliditate
1050 895 1116 913 cer-

69 934 148 957 tans.
191 927 236 956 At
258 929 422 956 resciscunt
445 928 499 955 ista
522 927 601 955 furta
623 924 740 964 Serg'an
772 933 801 956 et
824 926 1010 963 Huschenk,
1042 937 1117 965 quo-

70 981 138 1000 rum
161 976 288 1010 uterque
310 979 344 997 ea
366 968 565 998 vehementer
580 968 764 1006 indignatur.
811 968 854 998 Eo
877 975 1012 1007 tempore
1028 967 1118 1004 0311-

70 1013 134 1041 ram
158 1022 227 1041 cum
251 1013 384 1040 exercitu
407 1011 590 1040 daemonnm
606 1010 739 1046 advenit,
763 1022 824 1051 quo
838 1012 906 1040 freti
920 1010 988 1041 Indi
1003 1012 1117 1039 bellum

71 1060 207 1094 repetere
230 1056 427 1083 constituunt.
472 1053 508 1082 ln
532 1053 677 1090 consilio,
702 1054 784 1093 quod
809 1065 842 1082 ea
866 1054 902 1082 de
925 1065 956 1082 re
980 1054 1115 1088 habetur,

72 1095 223 1133 Qalirami
253 1097 388 1125 animum
423 1095 500 1124 duae
534 1106 579 1124 res
609 1096 792 1124 incendunt:
828 1096 909 1135 quod
943 1093 1115 1136 Gulcinam.

71 1149 163 1179 quam
185 1145 274 1170 amat
296 1139 412 1167 tristem
435 1149 497 1166 esse
519 1137 602 1167 videt
617 1159 626 1173 ,
651 1139 760 1177 quippe
785 1137 950 1168 Chosrew-
957 1138 1055 1167 schiro
1079 1138 1116 1166 ab

72 1183 130 1210 illis
155 1181 352 1209 daemonibus
374 1182 544 1214 timentem,
569 1186 597 1208 et
616 1180 696 1218 quod
720 1191 737 1208 a
754 1178 900 1209 Kehtano
915 1180 1008 1216 audit,
1029 1182 1115 1208 illum

71 1225 258 1262 potissimum
282 1223 434 1258 effecisse,
466 1228 497 1250 ut
519 1221 626 1251 Persae
649 1221 748 1250 adhuc
771 1223 876 1251 invicti
904 1224 975 1251 sint.
1027 1220 1116 1259 Quae

71 1266 153 1304 apud
177 1264 268 1295 Indos
290 1266 379 1300 fiunt,
404 1265 558 1303 explorata
583 1263 620 1292 ad
643 1263 747 1293 Persas
771 1264 867 1294 defert
891 1262 1114 1303 Scliir-pence.

70 1305 117 1336 Ibi
140 1309 275 1347 plerique
298 1308 413 1335 animos
437 1306 645 1345 despondent‚·
669 1305 837 1335 Huschenk
860 1307 984 1345 pavidos
1009 1308 1115 1335 frustra

72 1352 204 1379 oratione
219 1350 385 1379 confirmat.
430 1347 597 1378 Chosrew-
603 1330 683 1377 501111·
697 1360 778 1384 vero,
802 1360 898 1389 quum
912 1346 1116 1387 Schir-penc'e

72 1394 228 1421 neminem
257 1392 315 1420 nisi
344 1389 591 1427 Oahramanum,
631 1393 683 1429 qui
706 1397 779 1419 tunc
808 1392 925 1425 aberat,
959 1389 1116 1426 Qahramo

71 1444 174 1473 parem
205 1444 267 1462 esse
298 1433 438 1467 dixisset,
468 1434 554 1461 illum
578 1437 672 1460 noctu
694 1442 725 1460 se
748 1432 786 1460 ad
809 1438 904 1460 castra
933 1432 1034 1460 indica
1065 1442 1116 1460 co-

71 1477 172 1504 mitari
193 1476 278 1524 cogit
294 1481 324 1503 et
346 1475 379 1502 in
403 1484 575 1502 consessum
601 1473 712 1502 ducum
735 1484 767 1502 se
790 1474 933 1509 insinuat,
958 1475 1009 1502 ubi
1026 1472 1116 1510 Qah-

70 1527 136 1546 ram
157 1518 361 1556 gravissimam
385 1517 503 1544 clavam
534 1517 654 1544 vibrans
685 1526 788 1545 omnes
820 1517 983 1544 daemones
1014 1515 1116 1544 hoini-

69 1569 184 1599 nesque
206 1559 244 1588 ad
265 1559 348 1587 idem
370 1558 586 1596 experiendum
608 1563 760 1595 provocat.
811 1557 975 1597 Postquam
1013 1568 1116 1586 omnes

71 1612 197 1640 operam
244 1600 462 1639 perdiderunt,
516 1598 659 1628 Chosrew
674 1616 691 1622 -
706 1599 787 1628 schir
824 1601 937 1628 viribus
980 1600 1040 1628 suis
1084 1601 1115 1627 in

73 1654 170 1672 unum
191 1643 286 1671 ictum
311 1643 442 1670 collectis
465 1643 584 1676 solium,
608 1642 640 1669 in
663 1652 722 1681 quo
745 1639 881 1679 Qahram
902 1642 1036 1677 sederat,
1060 1643 1117 1670 eli-

73 1685 134 1714 dit:
166 1691 232 1714 tum
261 1685 375 1721 abjecta
397 1685 482 1712 clava
506 1688 536 1712 et
556 1684 657 1712 stricto
679 1683 780 1722 gladio
807 1685 928 1713 turbam
951 1685 1118 1723 perrumpit

73 1733 104 1756 et
126 1737 195 1756 cum
218 1728 327 1755 comite
350 1727 451 1755 salvus
474 1727 505 1754 in
521 1732 615 1754 castra
628 1728 744 1764 persica
758 1727 869 1756 evadit.
913 1726 979 1755 Hac
991 1726 1116 1755 audacia

73 1770 166 1798 etiam
187 1770 282 1808 magis
306 1774 495 1807 exasperatus
512 1766 649 1806 Qahram
672 1769 821 1807 proelium
845 1770 975 1804 festinat,
998 1771 1030 1797 in
1055 1779 1115 1808 quo

74 1811 148 1841 dum
157 1817 299 1862 uterque
321 1812 439 1849 egregia
460 1811 593 1839 facinora
618 1811 679 1840 edit
701 1817 730 1840 et
752 1822 847 1850 aequo
869 1810 966 1840 Marte
998 1821 1117 1850 pugna-

73 1860 139 1889 tur,
157 1850 275 1893 ‘Aqqal
305 1863 374 1882 cum
403 1854 538 1883 exercitu
565 1860 688 1882 centum
715 1854 847 1882 millium
877 1864 1037 1892 magorum
1064 1864 1117 1892 per

74 1899 176 1925 ae'rem
197 1896 328 1924 advolat.
372 1894 491 1924 Horum
521 1897 632 1924 artibus
660 1895 767 1924 Persae
797 1897 1016 1926 succumbunt:
1048 1895 1117 1925 Hu-

73 1937 191 1968 schenk
221 1944 251 1967 et
280 1939 369 1966 multi
399 1938 450 1966 alii
479 1938 568 1967 duces
598 1939 777 1977 capiuntur,
814 1939 847 1967 in
878 1938 924 1968 his
955 1937 1117 1969 Chosrew-

73 1980 163 2017 schir,
178 1991 268 2020 quem
286 1978 427 2018 Gulc'ina,
447 1980 624 2021 pedissequa
637 1980 675 2009 ad
690 1991 758 2009 eum
771 1982 871 2015 missa,
886 1981 923 2010 de
936 1983 1115 2010 imminente

73 2024 208 2062 periculo
231 2029 470 2062 praemonuerat.
514 2021 642 2062 Captum
665 2024 764 2052 ultura
788 2021 921 2053 Gulc'ina
943 2025 976 2052 in
993 2021 1117 2064 ‘Aqqzi-

74 2067 141 2094 lum
165 2066 271 2101 irruit,
301 2064 352 2093 sed
383 2071 412 2093 et
434 2066 498 2103 ipsa
522 2066 644 2104 magicis
672 2067 783 2094 artibus
814 2066 911 2095 defixa
941 2067 1057 2104 capitur
1086 2072 1116 2095 et

74 2109 215 2138 vincitur.
262 2106 506 2136 Scherif-Schah
527 2118 596 2136 cum
615 2109 742 2147 reliquis
764 2108 890 2137 ducibus
909 2110 1116 2149 militibusque

76 2156 106 2179 et
120 2159 229 2188 magna
245 2159 395 2178 armorum
419 2151 504 2189 copia
527 2156 556 2179 et
579 2151 722 2179 uxoribus
739 2150 947 2191 thesaurisque
969 2152 1116 2187 fraternis,

75 2210 133 2229 usu
153 2200 284 2229 nominis
308 2201 421 2229 summi
444 2199 545 2245 (3225
572 2201 652 2247 (⁴³⁴⁸)
678 2206 708 2230 et
730 2202 847 2240 egregia
860 2201 1034 2230 fortitudine
1057 2201 1116 2230 ho-

75 2259 170 2288 stibus
193 2265 311 2298 ereptus
334 2269 366 2287 se
388 2260 420 2287 in
443 2269 541 2288 arcem
563 2258 842 2288 Huscheuk-abad
874 2260 997 2298 recipit,
1025 2270 1115 2298 quam

77 2307 178 2330 antem
202 2302 350 2330 exercitus
373 2307 489 2340 partem
511 2312 565 2330 arx
583 2312 645 2330 non
669 2303 764 2340 capit,
798 2313 865 2330 eam
892 2303 923 2330 in
959 2302 1058 2330 arduis
1079 2308 1118 2330 et

76 2343 242 2383 praeruptis
271 2344 345 2372 locis
374 2345 482 2372 montis
513 2342 650 2373 Serendil
684 2344 947 2383 disponit.1ndi
973 2345 1118 2383 supplicia

78 2386 265 2424 captivorum
282 2385 436 2421 differunt,
461 2386 533 2414 dum
548 2387 600 2415 illo
615 2397 735 2426 quoque
754 2388 918 2425 potiantur.
965 2384 1026 2415 Sed
1042 2393 1118 2415 artes

78 2429 229 2466 magicae,
258 2429 365 2466 quibus
395 2439 449 2457 arx
479 2435 684 2467 oppugnatur,
720 2430 749 2457 vi
778 2429 957 2457 sacrosancti
986 2429 1117 2457 nominis

79 2480 173 2509 usque
201 2471 398 2508 repelluntur.
450 2469 589 2499 Tandem
626 2470 793 2499 Hfischenk
823 2477 853 2499 et
885 2471 973 2499 multi
1003 2472 1055 2498 alii
1086 2472 1116 2498 in

79 2517 272 2550 conspectum
294 2522 416 2541 suorum
439 2513 576 2552 producti
598 2514 651 2550 iis,
675 2514 733 2541 nisi
753 2523 850 2542 arcem
874 2513 1002 2546 dedant,
1036 2514 1118 2542 illico

77 2554 226 2601 supplicio
249 2554 401 2583 afficiendi
432 2555 641 2584 ostenduntur.
692 2553 814 2584 Frustra
844 2553 956 2584 Schir-
939 2552 1059 2594 -pentie
1090 2561 1119 2584 et

75 2590 176 2633 ‘Alim
198 2604 346 2643 adrepunt
369 2610 398 2634 et
420 2605 537 2636 duobus
569 2607 775 2641 carnificibus,
805 2606 858 2646 qui
867 2615 981 2655 regem
1004 2611 1119 2639 tenent,

79 2648 183 2676 occisis
204 2648 309 2676 saltem
332 2647 414 2676 hunc
436 2650 550 2686 eripere
573 2655 739 2687 conantur3
772 2658 844 2676 nam
867 2643 983 2687 ‘Aqqal
1010 2657 1060 2676 eos
1086 2649 1118 2675 in

79 2699 185 2718 corvos
208 2694 322 2723 mutat,
345 2700 376 2717 se
398 2690 496 2728 ipsum
518 2692 550 2719 in
581 2691 747 2726 falconem,
777 2689 849 2718 hinc
876 2700 925 2718 eos
955 2689 992 2718 ad
1021 2700 1119 2718 arcem

78 2737 250 2770 persecutus
272 2732 393 2759 revertit
424 2737 454 2760 et
474 2733 630 2771 pristinam
660 2734 786 2762 formam
815 2733 917 2762 stunit.
968 2730 1036 2761 Jam
1066 2742 1119 2761 rex

1161 291 1190 314 et
1213 285 1304 313 ceteri
1328 284 1365 312 ad
1388 294 1476 312 suum
1501 285 1628 324 quisque
1652 284 1822 323 patibulum
1845 284 2013 319 ducuntur,
2048 285 2207 322 trepidatio

1162 333 1263 356 autem
1289 333 1316 356 et
1339 327 1505 365 desperatio
1535 326 1694 355 Persarum
1721 337 1756 355 eo
1786 332 1926 365 augetur,
1956 326 2038 367 quod
2070 326 2208 362 Qahram

1160 370 1251 398 simul
1275 379 1372 397 arcem
1403 369 1522 397 adortus
1552 375 1667 407 portam
1698 370 1845 408 effringit.
1888 367 1934 398 Ita
1957 381 1987 397 re
2010 370 2041 397 in
2067 371 2208 397 ultimum

1162 412 1321 440 discrimen
1346 410 1474 439 adducta
1493 413 1624 440 narratio
1647 412 1699 440 fol.
1725 412 1762 439 41
1789 422 1818 441 v.
1843 412 1880 440 ad
1898 411 2128 449 Qahrama'num
2153 412 2208 440 de·

1163 455 1253 482 ssectit
1279 460 1308 482 et
1338 463 1383 481 res
1414 463 1536 492 peregre
1567 454 1603 481 ab
1636 464 1671 482 eo
1703 460 1799 491 gestas
1828 456 1947 492 repetit.
2002 452 2080 482 Nam
2111 455 2207 483 multo

1163 503 1230 524 ante
1252 497 1303 523 ille
1327 505 1395 524 cum
1421 496 1554 523 exercitu
1583 495 1767 523 daemonum
1797 497 1947 524 sociorum
1977 506 2030 524 ave
2061 494 2151 524 Roob
2176 497 2207 524 in

1161 544 1298 567 montem
1322 536 1386 574 inf
1406 543 1511 567 vectus
1542 544 1621 572 erat,
1654 543 1687 566 ut
1717 536 1888 573 Schahbtil,
1920 548 2019 577 regem
2049 537 2206 566 hortorum

2102 591 2106 601 l

1161 605 1363 640 ire-micorum,
1388 602 1640 642 Qamar-Brimi,
1664 606 1726 640 ejus
1749 615 1894 638 uxorem,
1921 602 2063 633 Behrami
2087 604 2204 643 Gebeli,

1162 647 1269 675 horum
1291 648 1406 682 filium,
1430 654 1458 675 et
1481 648 1645 685 permultos
1667 648 1738 675 alios
1763 657 1800 675 ex
1824 647 1996 684 captivitate
2022 647 2206 676 daemonum

1162 689 1316 718 hostilium
1342 690 1492 717 liberaret.
1544 686 1578 717 In
1604 699 1638 717 eo
1662 690 1770 718 itinere
1793 688 1930 716 miranda
1956 690 2083 726 plurima
2109 695 2138 718 et
2161 691 2206 718 vi-

1163 732 1256 768 derat,
1281 738 1310 760 et
1332 732 1464 767 fecerat,
1489 732 1630 759 liberatos
1655 737 1754 759 autem
1778 732 1809 759 iu
1835 731 1936 759 hortos
1958 732 2095 760 iremicos
2119 732 2206 761 redu-

1160 780 1258 802 xerat.
1302 772 1349 802 lbi
1372 780 1531 813 postquam
1554 773 1608 801 diu
1629 780 1760 801 moratus
1785 779 1842 807 est,
1877 783 1945 801 cum
1968 774 2129 802 innumero
2153 785 2205 802 co-

1162 818 1271 845 mitatu
1300 817 1332 844 in
1364 815 1448 844 sedes
1480 814 1628 843 humanas
1664 816 1802 843 revolans
1833 814 2142 844 (hosrew-scbirum
2177 823 2207 845 et

1162 860 1235 887 alios
1260 858 1385 892 heroas,
1419 855 1627 892 Dilfurfizam‚
1662 868 1789 885 uxorem
1812 856 2009 892 Hfischenki,
2042 857 2205 887 Gulcinam

1161 912 1230 930 cuin
1254 901 1454 940 pedissequis‚
1476 899 1598 928 tandein
1612 897 1732 928 Serwi-
1745 899 1921 935 chiraimam,
1943 900 2034 938 ipsius
2052 902 2205 936 amasiam,

1161 954 1176 972 e
1199 945 1326 971 vinculis
1349 943 1473 980 magicis
1497 943 1596 980 eripit,
1616 943 1724 981 quibus
1747 942 1903 971 comitatui
1928 952 1982 970 suo
2007 942 2154 977 adjunctis
2171 954 2205 971 co

1159 987 1222 1024 ipso
1244 992 1380 1024 tempore
1410 985 1447 1013 ad
1471 990 1607 1012 montem
1630 982 1770 1013 Serendil
1793 984 1931 1020 advenit,
1956 994 2015 1023 quo
2039 984 2206 1014 Huschenk

1160 1039 1227 1056 cum
1243 1029 1345 1056 ceteris
1357 1027 1394 1055 ad
1410 1027 1593 1065 supplicium
1605 1022 1753 1061 ducitur,‘
1760 1025 1859 1066 Aqqal
1876 1032 1987 1062 autem,
2007 1037 2058 1065 pro
2071 1025 2206 1055 Scheris-

1160 1069 1282 1099 Sohaho
1299 1076 1327 1098 et
1349 1070 1526 1107 conjugibus
1543 1069 1703 1108 liberisque
1722 1067 1902 1097 Huscbenki
1925 1050 2075 1097 tradendis
2092 1075 2121 1098 et
2135 1070 2205 1108 igne

1159 1112 1324 1147 adorando,
1349 1112 1495 1150 praesidio
1511 1111 1583 1139 arcis
1602 1121 1724 1149 corpora
1747 1112 1828 1140 salva
1849 1112 2003 1149 promittit,
2025 1116 2158 1140 ceterum
2175 1123 2205 1141 se

1161 1154 1365 1182 Helhelanum
1389 1164 1458 1182 cum
1481 1159 1543 1181 toto
1567 1154 1680 1191 populo
1695 1150 1874 1192 kipdakensi
1898 1153 1930 1180 in
1953 1163 2036 1182 mare
2051 1155 2205 1190 conjectu-

1159 1207 1226 1224 rum
1243 1208 1303 1225 esse
1320 1197 1462 1224 minatur.
1507 1194 1587 1223 Tum
1605 1195 1790 1233 Qahraman‚
1807 1196 1890 1235 quasi
1908 1195 1980 1223 deus
1997 1207 2035 1224 ex
2053 1195 2204 1231 machina,

1159 1239 1258 1267 hostes
1273 1239 1445 1276 gravissima
1459 1243 1555 1275 strage
1572 1238 1690 1274 obruit,
1716 1248 1799 1275 reges
1822 1244 1851 1265 et
1874 1237 1963 1265 duces
1988 1248 2092 1266 eorum
2115 1239 2202 1277 capit,

1158 1292 1226 1310 suos
1243 1292 1258 1308 e
1275 1282 1403 1309 vinculis
1418 1286 1446 1308 et
1462 1286 1557 1308 morte
1572 1280 1687 1307 liberat.
1715 1277 1817 1307 Etiam
1833 1277 1971 1316 Qahreim
1989 1291 2002 1307 a
2020 1278 2200 1316 Ssahmauo,

1158 1325 1308 1362 sagittario
1344 1321 1548 1359 Qahramani‚
1586 1323 1764 1351 vulneratur
1795 1328 1823 1349 et
1848 1323 1982 1360 capitur3
2022 1333 2115 1361 quum
2149 1333 2203 1351 au—

1159 1372 1220 1393 tem
1244 1366 1365 1393 vincula
1388 1366 1532 1402 perrupit,
1556 1374 1617 1392 uno
1641 1365 1751 1392 summi
1776 1362 1874 1392 herois
1897 1365 2003 1392 obtutu
2028 1371 2090 1392 tam
2111 1364 2203 1393 vehe-

1160 1413 1276 1435 menter
1299 1407 1485 1444 percellitur,
1509 1411 1543 1434 ut
1564 1407 1662 1443 impos
1685 1407 1731 1433 sui
1755 1406 1900 1433 concidat.
1946 1405 2108 1446 Postquam
2133 1418 2201 1435 vero

1160 1449 1197 1477 ad
1220 1460 1250 1477 se
1274 1448 1378 1482 rediit,
1414 1449 1502 1486 plane
1528 1449 1558 1475 in
1584 1449 1677 1476 alium
1702 1452 1835 1476 mutatus
1857 1447 2079 1476 Huschenkum
2101 1459 2202 1487 regem

1159 1492 1293 1528 agnoscit
1317 1501 1351 1518 ac
1368 1491 1550 1528 pertinaciae
1566 1489 1733 1528 expiandae
1751 1490 1938 1530 aliorumque
1957 1490 2200 1519 deterrendorum

1159 1544 1247 1561 causa
1269 1543 1300 1561 se
1323 1534 1412 1561 etiam
1436 1533 1504 1560 neci
1528 1532 1626 1560 offert.
1669 1530 1731 1560 Sed
1754 1530 1948 1568 Qahraman,
1975 1535 2017 1561 uti
2039 1535 2199 1572 superbum

1136 1575 1338 1610 [debellat-it,
1367 1575 1409 1602 sic
1439 1575 1517 1603 victo
1548 1584 1610 1602 non
1640 1575 1740 1602 solum
1765 1575 1880 1612 parcit,
1911 1575 1963 1603 sed
1995 1577 2200 1613 poenitentem

1159 1619 1249 1646 etiam
1273 1617 1481 1655 amplectitur,
1517 1627 1576 1656 quo
1601 1617 1679 1645 facto
1703 1615 1872 1645 Huschenk
1896 1623 1926 1646 et
1948 1616 2201 1647 Scherif-Schati

1158 1661 1204 1688 illi
1227 1670 1332 1687 manus
1355 1658 1529 1687 osculandas
1560 1659 1723 1696 praebent,
1755 1658 1843 1687 duces
1873 1661 1988 1688 socium
2019 1667 2049 1688 et
2070 1662 2201 1689 amicum

1159 1703 1322 1740 accipiunt.
1376 1699 1497 1729 Deinde
1534 1699 1807 1729 Scherif-SchAho
1841 1703 1932 1730 verba
1967 1709 2133 1741 praeeunte
2169 1704 2201 1731 in

1158 1745 1336 1782 religionem
1359 1742 1446 1772 Sethi
1470 1743 1551 1781 jurat
1575 1749 1604 1771 et
1629 1741 1794 1772 Moslennus
1822 1744 1863 1772 fit.
1908 1742 2005 1783 Reges
2029 1756 2150 1784 quoque
2173 1751 2202 1774 et

1160 1787 1250 1816 ceteri
1274 1786 1421 1825 principes
1444 1783 1589 1814 Indorum
1612 1786 1644 1813 in
1674 1785 1765 1815 fidem
1796 1787 1993 1824 recipiuntur.
2044 1786 2112 1816 Jam
2142 1789 2201 1815 irn-

1159 1830 1241 1868 perio
1266 1828 1446 1857 Huschenki
1469 1829 1500 1855 in
1517 1833 1613 1856 totum
1630 1829 1734 1856 orbem
1754 1829 1885 1857 stabIIito
1898 1851 1905 1864 ‚
1933 1827 2110 1866 Qahraman
2134 1840 2202 1857 ma-

1159 1873 1298 1911 gnificam
1321 1881 1463 1910 pompam
1478 1871 1609 1907 instruit,
1635 1881 1725 1910 quam
1745 1870 1887 1899 ducentes
1911 1882 2015 1900 omnes
2039 1882 2121 1910 reges
2144 1872 2200 1900 ho-

1160 1916 1279 1942 minum
1317 1919 1347 1942 et
1381 1913 1562 1941 daemonum
1600 1923 1668 1941 cum
1702 1913 1762 1941 suis
1796 1912 2017 1942 Huschenkum
2058 1916 2089 1942 in
2127 1914 2201 1943 solio

1158 1957 1314 1986 sedentem
1337 1966 1437 1994 regem
1457 1956 1587 1984 salutent
1609 1956 1646 1983 ab
1670 1965 1767 1994 eoque
1791 1956 1967 1985 lustrentur.
2024 1954 2093 1985 Hoc
2122 1957 2200 1991 loco,

1159 2001 1211 2028 ubi
1230 2000 1358 2027 minime
1378 1999 1480 2033 velles,
1502 1998 1639 2026 librarius
1663 2007 1736 2036 opus
1760 1998 1879 2036 abrupit
1907 2003 1975 2038 post
1999 1998 2073 2027 haec
2096 1999 2199 2027 verba:

1159 2067 1208 2097 ω
1237 2069 1277 2112 '³³³³‘
1305 2066 1443 2109 <dm-,2242
1478 2065 1534 2105 ²425
1566 2062 1697 2111 2552}ss
1728 2063 1819 2104 &3³³³
1840 2067 1903 2105 ek„
1926 2064 2030 2114 &²58⁴
2053 2066 2202 2115 &22²5

2057 2152 2104 2189 ‚O
2171 2142 2201 2172 ,ς

1565 2214 1796 2251 CCLXXXI.

1571 2276 1636 2308 [Ac.
1658 2276 1689 2301 K.
1715 2276 1792 2309 144]

1245 2334 1351 2366 Codex
1379 2337 1531 2370 turcicus‚
1562 2336 1622 2374 4⁰,
1651 2337 1718 2365 foll.
1752 2337 1812 2366 244
1842 2335 1962 2364 chartae
1992 2338 2201 2375 bombycinae,

1161 2379 1243 2408 char.
1279 2377 1385 2407 neschi
1425 2378 1594 2417 antiquiore
1631 2380 1782 2417 eleganter
1812 2385 1840 2407 et
1875 2380 2029 2417 perspicue
2059 2380 2201 2417 scriptus:

1160 2420 1268 2450 Kimbi
1288 2419 1551 2457 Iskender-mzmc,
1575 2422 1671 2459 prima
1695 2432 1761 2460 pars
1776 2420 2022 2461 Alexandre'idis.
2057 2422 2201 2450 Initium.

1161 2479 1718 2543 „ssoetffisjgmse-
1756 2487 1787 2520 „xe
1812 2487 1931 2537 &0³
1955 2488 2007 2519 111
2032 2491 2202 2529 μμ,

1163 2563 1243 2594 Octo
1268 2562 1403 2592 distichis
1428 2573 1512 2602 prosa
1536 2564 1630 2592 oratio
1651 2563 1792 2592 succedit.
1837 2562 1977 2593 Primum
1992 2565 2136 2603 scriptor
2131 2562 2203 2593 Mu-

1157 2603 1366 2634 ‘hammedem
1390 2605 1544 2655 quondam
1566 2607 1599 2633 in
1621 2616 1705 2634 sacro
1731 2606 1858 2634 circuitu
1882 2602 1928 2634 Ca‘
1936 2607 1989 2633 bae
2024 2617 2094 2635 cum
2117 2606 2204 2634 Abu-

1164 2647 1274 2682 Bekro,
1293 2644 1434 2683 ζ01111110,
1454 2644 1616 2677 ‘O3mano
1633 2654 1662 2676 et
1672 2644 1760 2676 ‘Alio
1776 2647 2005 2676 considentem
1998 2650 2032 2676 iis
2051 2648 2204 2676 historiam

1162 2689 1333 2719 Alexandri
1348 2700 1480 2718 narrasse
1495 2690 1582 2726 dicit3
1597 2696 1699 2728 postea
1716 2691 1789 2718 alios
1805 2696 1970 2718 narratores
1985 2701 2036 2728 pro
2051 2702 2081 2719 se
2099 2701 2204 2730 quem-

1163 2743 1222 2772 que
1251 2732 1379 2760 eandem
1410 2732 1564 2760 historiam
1597 2743 1612 2759 e
1646 2734 1851 2761 monumentis
1874 2742 1973 2760 rerum
1997 2738 2165 2770 gestarum,
2189 2744 2204 2760 e

1581 2777 1619 2801 66
1635 2774 1648 2786 “
