2482 3068
100 772 148 804 10.

100 855 149 887 11.

101 979 149 1010 12.

101 1061 150 1093 13.

101 1144 151 1176 14.

101 1269 151 1299 15.

101 1311 150 1341 16.

102 1393 151 1424 17.

101 1434 150 1465 18.

101 1517 151 1548 19.

100 1559 151 1590 20.

99 1641 150 1673 21.

101 1849 153 1880 23.

102 1973 152 2004 24.

103 2058 154 2088 25.

105 2182 155 2212 26.

105 2223 156 2253 27.

107 2344 158 2376 28.

107 2390 158 2418 29.

108 2429 158 2460 30.

108 2511 158 2542 31.

109 2595 159 2626 32.

109 2678 159 2708 33.

117 277 149 721 passae-n

145 1748 151 1753 .
178 1727 297 1753 Honorii
313 1726 360 1754 111.
376 1726 408 1754 P.
425 1727 459 1754 R.
482 1727 665 1764 priuilegium
687 1735 722 1753 ex
743 1725 952 1763 Transsumpto
975 1727 1128 1762 Abbatum,

1097 154 1193 196 209

142 301 149 307 .
173 279 217 306 Aa
233 277 426 305 Lubecensem
443 281 471 304 et
485 276 688 306 Liuoniensem
705 279 864 317 episcopos.
886 279 923 307 T.
939 280 969 310 2.
990 279 1040 308 sol.
1055 278 1127 310 484.
1142 278 1146 316 ἶ

177 320 222 347 ed.
238 319 358 346 Baluzii.
375 320 406 346 Α.
425 318 513 348 1210.
1141 340 1144 354 7

171 361 307 396 Magistro
326 365 353 387 et
368 361 503 387 fratribus
516 361 633 389 militiae
644 361 750 389 Christi
762 362 790 389 in
803 363 875 399 Riga
884 362 1068 391 Innocentius
1078 363 1127 392 III.
1142 375 1144 400 ζ

173 402 223 428 sol.
239 400 309 431 580.
328 402 364 429 Τ.
379 402 408 430 2.
424 403 456 430 Α.
475 402 564 431 1211.

173 443 322 469 Vniuersis
337 444 493 470 Abbatibus
515 444 544 470 in
560 444 687 480 generali
704 444 886 472 Cistorciensi
902 446 1038 483 Capitulo
1056 455 1127 473 con·
1141 466 1143 489 1

174 485 278 511 stitutis
296 484 478 512 Innocentius
494 485 542 513 III.
560 485 597 513 T.
614 486 643 513 2.
660 486 708 512 sot.
725 486 795 513 665).
813 488 843 513 A.
864 486 952 516 1212.

172 525 354 552 Innocentius
371 526 417 554 111.
439 527 590 553 Nobilibus
607 527 671 553 viris
687 527 805 553 ducibus
821 528 960 555 l'olouiae
982 533 1009 555 et
1024 528 1127 555 Pome-

174 568 290 602 raniae,
309 568 345 595 T.
362 567 390 596 2.
408 568 427 595 f.
443 568 513 597 669.
530 568 575 595 ed.
592 568 711 595 Baluzii.
729 570 761 595 A.
780 568 868 598 1212.

173 608 354 635 Innocentius
371 609 418 636 111.
440 610 541 636 Abbati
558 610 650 636 Priori
667 614 694 636 et
710 610 828 637 Custodi
845 612 875 637 S.
892 610 1004 637 Nicolai
1020 610 1126 647 Rigen-
1142 635 1144 661 Ι

175 650 212 676 sis
228 650 357 679 diocesis.
375 651 410 677 T.
428 652 456 679 2.
472 651 520 677 sol.
535 651 606 680 806.
623 651 654 677 Α.
672 650 762 680 1213.
1142 668 1144 685 4

172 691 356 718 Innocentius
374 693 422 719 ΙΙΙ.
439 692 676 730 Archiepiscopo‚
692 693 810 719 Decano
827 698 855 720 et
869 692 1036 730 Praeposito
1049 692 1127 720 Lun-

175 732 326 769 densibus,
343 734 380 760 Τ.
396 734 425 762 2.
442 734 461 760 s.
478 733 548 763 807.
566 732 655 762 1213.
1142 758 1144 765 ,

173 774 358 801 Innocentius
370 775 417 803 lll.
435 776 534 802 Abbati
549 775 643 802 Priori
659 780 687 802 et
703 775 859 801 Cellerario
875 774 911 801 de
923 775 1021 802 Monte
1031 775 1062 803 S.
1074 776 1126 803 Ni·
1142 769 1144 786 ¹

176 816 249 843 colai
266 816 396 852 Rigensis
413 817 540 843 diocesis.
559 817 595 844 Τ.
611 817 640 845 2.
656 817 676 843 s.
692 816 763 845 807.
778 817 810 842 A.
829 815 919 845 1213.

173 857 358 885 Innocentius
374 859 423 886 111.
445 859 546 884 Abbati
563 858 598 885 de
614 858 782 884 Gothlanda
804 862 832 884 et
848 858 883 884 tle
900 858 1083 886 Northlanda
1099 864 1127 886 et

175 899 212 926 de
231 899 440 933 Sutherlanda,
462 899 637 936 Praepositis
658 899 820 926 Lundensis
842 899 970 928 diocesis.
994 901 1080 928 Tom-
1095 900 1125 929 2.
1143 903 1144 906 ’

173 940 223 967 sol.
238 939 308 969 807.
324 941 357 967 A.
375 939 463 969 1213.

173 981 356 1008 Innocentius
380 982 428 1008 lll.
454 982 590 1018 Magistro
615 987 643 1009 et
665 981 800 1009 fratribus
825 982 942 1010 militiae
967 982 1072 1010 Christi
1097 984 1144 1018 in}

175 1022 298 1050 Liuonia
314 1023 483 1050 constitutis.
500 1023 537 1050 Τ.
553 1023 581 1051 2.
598 1024 618 1050 s.
634 1022 704 1053 808.
721 1024 754 1050 A.
772 1023 861 1052 1213.
1142 1019 1143 1025 ’

173 1064 317 1091 Vniversis
333 1064 438 1091 Christi
460 1064 592 1091 fidelibus
613 1074 665 1101 per
684 1065 840 1092 Saxoniam
863 1065 1021 1092 constitutis
1041 1065 1144 1102 Iuno-3,

175 1106 285 1132 centius
300 1105 347 1133 111.
365 1106 401 1133 Τ.
418 1106 446 1134 2.
462 1106 482 1133 s.
498 1104 569 1135 SOS.
584 1107 617 1133 A.
636 1105 725 1135 1213.

175 1147 359 1174 Innocentius
376 1147 421 1174 111.
438 1148 609 1182 Abbatibus,
631 1147 864 1182 Archidiaconis,
885 1148 1026 1183 Decanis,
1045 1147 1126 1175 Prio-

175 1189 253 1215 ribus
275 1193 303 1215 et
325 1189 386 1215 aliis
402 1189 584 1215 ecclesiarum
600 1187 740 1224 praelatis‘
749 1198 802 1224 per
817 1190 973 1215 Saxonizun
989 1190 1126 1215 constitu-
1142 1183 1143 1207 l

174 1230 220 1257 tis.
237 1229 274 1257 Τ.
289 1230 318 1258 2.
334 1229 354 1257 s.
371 1229 441 1258 808.
458 1230 490 1256 Α.
509 1228 598 1258 ’1213.

176 1271 358 1297 Innocentius
375 1270 421 1298 111.
444 1271 588 1307 Episcopo
603 1270 737 1297 Estiensi.
760 1270 796 1297 T.
812 1270 840 1298 2.
857 1270 877 1297 f.
892 1269 963 1299 809.
984 1271 1017 1298 Α.
1036 1269 1126 1299 1213.

174 1312 358 1339 Innocentius
374 1311 421 1339 III.
445 1312 562 1338 Dilectis
585 1312 650 1338 filiis
672 1312 808 1339 militibus
825 1311 931 1338 Christi
950 1313 979 1339 in
993 1312 1126 1340 Liuonia.
1142 1343 1143 1351 ἵ

176 1354 212 1381 Τ.
227 1353 257 1382 2.
273 1353 293 1379 f.
309 1352 380 1382 809.
397 1355 428 1380 A.
448 1351 537 1382 1213.

172 1395 357 1422 Innocentius
373 1395 420 1421 111.
442 1395 585 1432 Episcopo
600 1394 732 1422 Estiensi.
754 1395 791 1423 T.
807 1394 836 1423 2.
852 1394 873 1422 s.
889 1393 960 1424 809.
985 1395 1018 1422 Α.
1036 1393 1125 1423 1213.

175 1437 360 1463 Innocentius
376 1436 426 1463 III.
442 1436 579 1472 Magistro
595 1441 624 1463 et
638 1436 774 1463 fratribus
791 1437 947 1473 Hospitalis
964 1436 1126 1464 Theutoni-
1141 1457 1144 1487 ἱ

175 1487 283 1506 corum.
300 1478 337 1506 Τ.
352 1477 383 1506 2.
399 1477 419 1504 f.
435 1477 507 1507 822.
524 1479 556 1505 A.
575 1476 665 1506 1213.

175 1519 359 1546 Innocentius
375 1519 424 1546 111.
440 1520 558 1555 Rigensi
574 1520 727 1556 Episcopo,
743 1519 780 1546 T.
795 1518 824 1548 2.
840 1519 860 1547 s.
877 1518 947 1549 834.
963 1520 995 1546 Α.
1012 1517 1103 1548 1213.

175 1561 335 1588 Innocentii
356 1561 403 1589 III.
428 1561 526 1596 Bulla,
548 1570 605 1598 qua
625 1561 742 1588 donatio
765 1561 920 1597 Yarpodae
943 1561 1128 1588 confirmatur

174 1602 338 1629 Christiano
354 1603 508 1639 Episcopo.
526 1604 557 1630 A.
576 1601 664 1630 1215.

175 1644 332 1670 Innocentii
345 1644 392 1671 111.
410 1644 504 1679 Bulla,
521 1654 578 1680 qua
588 1643 705 1670 donatio
715 1643 865 1670 Luboniae
878 1643 954 1670 sacta
964 1643 1126 1670 Christiano

177 1685 322 1722 Episcopo
339 1685 533 1712 confirmatur.
552 1687 584 1711 A.
602 1684 692 1713 1215.

179 1772 211 1794 ut
236 1768 385 1805 episcopus
407 1768 539 1795 Prussiae
568 1768 657 1805 possit
686 1776 768 1794 cruce
795 1768 932 1804 insignire
957 1768 1129 1795 militaturos

178 1814 278 1836 contra
294 1818 421 1846 paganos
438 1811 466 1836 in
482 1810 606 1838 Prussia.
625 1808 714 1837 1217.

176 1850 310 1877 Facultas
332 1851 398 1877 data
420 1852 555 1888 episcopo
578 1851 710 1878 Prussiae
732 1850 899 1877 instituendi
920 1851 1052 1878 ecclesias
1073 1851 1130 1878 Ca-

177 1891 339 1928 theth-ales,
369 1892 493 1929 eligendi
517 1898 545 1920 et
569 1892 756 1920 consecrandi
780 1892 937 1929 Episcopos
961 1893 990 1919 in
1014 1893 1148 1919 Prussia.

179 1943 326 1960 conversa.
345 1931 435 1963 1218.

176 1975 216 2002 Vt
231 1975 424 2011 ingredientes
446 1976 590 2002 Prussiam
612 1975 763 2002 intendant
785 1974 927 2012 Episcopo
949 1975 1082 2002 Prussiae
1103 1980 1148 2003 et=

178 2017 220 2044 illi
234 2022 364 2054 pareant.
386 2017 475 2046 1219.

177 2058 223 2085 Ex
238 2058 369 2085 Goldasti
387 2058 658 2094 Reichshandlung,
674 2058 694 2086 s.
713 2056 781 2087 161.
798 2058 937 2084 Friderici
952 2058 987 2085 II.
1004 2058 1131 2095 diploma

178 2100 215 2127 de
237 2100 394 2137 priuilegiis
417 2105 514 2127 saccae
530 2100 629 2126 domus
648 2100 811 2136 Hospitalis.
831 2101 861 2126 S.
876 2100 984 2127 Mariae
1001 2100 1131 2128 Theuto-

180 2142 311 2169 nieorum
326 2142 356 2168 in
375 2142 569 2176 Hierusalem,
585 2142 617 2169 A.
636 2141 726 2170 1221-

178 2183 304 2210 Donatio
322 2188 397 2211 terre
412 2184 574 2210 (Julineiisis
589 2184 776 2210 confirmatur
791 2183 823 2209 A.
842 2182 930 2211 1226.
948 2192 982 2209 ex
997 2183 1085 2211 Gold.

180 2225 277 2252 (lessio
289 2225 416 2252 Conradi
427 2226 514 2251 Ducis
524 2225 667 2252 Masoviae
683 2225 837 2252 multorum
854 2225 996 2250 bonorum
1013 2225 1040 2251 in
1056 2230 1133 2251 terra

181 2266 336 2293 Culmensi.
357 2268 461 2294 Juucta
482 2268 609 2293 cessione
629 2267 755 2303 episcopi
778 2271 806 2293 et
827 2266 957 2302 capittuli
977 2266 1132 2302 Plocensis,

181 2307 278 2335 addita
294 2309 378 2335 etiam
396 2309 518 2335 emtione
537 2308 679 2335 districtus
695 2308 816 2336 Radziu.
833 2309 866 2334 A.
883 2307 969 2335 1222.

181 2349 306 2376 Donatio
323 2350 481 2377 Lesticonis
498 2350 584 2376 Ducis
600 2350 741 2376 Poloniae
757 2349 850 2386 predii
866 2349 1050 2383 Mulymnow.

182 2390 304 2418 Donatio
321 2391 472 2419 Cruciouis
489 2392 552 2418 xille
569 2392 731 2418 Cossobudi
747 2401 810 2418 cuni
827 2391 994 2418 attinentiis.

181 2431 305 2459 Donatio
328 2433 455 2460 Conradi
478 2433 565 2460 Ducis
587 2433 717 2460 villarum
741 2432 869 2467 Szarno,
894 2431 997 2458 Radko
1022 2436 1049 2458 et
1072 2431 1133 2459 Tu-

184 2472 281 2500 schiuo
292 2494 300 2508 ,
318 2474 406 2503 1223.

182 2514 296 2551 Euiptio
313 2516 452 2543 honorum
464 2515 575 2543 Radzin
591 2525 654 2542 cum
671 2516 802 2542 omnibus
818 2515 974 2541 attinentiis
990 2524 1041 2551 per
1051 2514 1134 2541 Chri-

185 2556 306 2582 stianum
324 2557 498 2594 Episcopum
513 2557 658 2585 Prusciae.

184 2597 309 2624 Donatio
332 2599 485 2626 Christiani
509 2600 544 2626 de
568 2599 698 2626 Chrosna
722 2599 864 2625 bonorum
887 2596 1081 2623 Tarchomino
1107 2601 1153 2624 et*

185 2638 363 2673 Gradu-own,
381 2639 468 2669 1223.

186 2680 330 2708 Honorius
345 2680 393 2707 111.
415 2681 565 2709 confirmat
586 2681 770 2709 donationem
786 2680 912 2708 Conradi
933 2679 1013 2706 ducis
1031 2679 1135 2708 factam

1168 359 1218 390 34.

1141 403 1144 455 Ι
1169 441 1218 473 35.

1169 566 1219 597 36.

1169 608 1219 638 37.

1170 691 1219 721 38.

1169 774 1218 803 39.

1142 802 1143 837 l
1170 816 1219 845 40.

1169 857 1219 886 41.

1169 900 1219 928 42.

1142 944 1144 966 s
1169 941 1218 970 43.

1169 1023 1218 1053 44.

1169 1106 1219 1135 45.

1168 1189 1219 1217 46.

1168 1269 1218 1300 47.

1169 1352 1219 1383 48.

1168 1435 1219 1466 49.

1170 1560 1220 1590 50.

1171 1643 1220 1673 51.

1172 1727 1222 1756 52.

1146 1874 1147 1881 ,
1174 1850 1222 1881 53.

1174 1976 1223 2024 44-

1175 2026 1224 2047 Οἱ)-

1174 2100 1224 2131 56.

1177 2390 1227 2421 58.

1178 2515 1227 2545 59.

1178 2639 1228 2670 60.

1246 279 1409 308 Christiano
1434 283 1588 321 episcopo,
1612 289 1641 312 it
1663 290 1691 314 et
1715 287 1851 326 Episcopi
1873 289 2018 318 Plocensis
2041 294 2196 322 cess-ionem

1245 321 1428 351 decimarum.

1243 362 1431 390 Confirmatio
1457 365 1555 402 Papae
1582 376 1670 404 super
1698 369 1854 399 donatione
1883 372 2028 402 Ecclesiae
2051 375 2196 403 Culmensi

1244 403 1336 438 sacta,
1359 405 1377 432 Γ.
1396 406 1485 436 1239.

1242 444 1427 479 Priuilegium
1454 448 1589 475 Friderici
1613 450 1646 477 II.
1666 450 1738 488 Imp.
1761 452 1864 480 Ordini
1887 455 2000 491 datum,
2024 466 2087 484 cuin
2109 468 2196 486 aurea

1246 487 1332 514 bulla.
1366 488 1426 515 Hoc
1441 494 1519 516 extat
1535 490 1563 516 in
1578 491 1640 519 MS.
1652 492 1747 520 Lucae
1762 493 1894 531 Daxidis3
1911 499 2009 525 confer
2025 508 2086 525 cum
2104 500 2197 536 diplo-

1245 533 1320 555 mate
1335 528 1384 557 20.

1245 570 1394 596 Couradus
1406 571 1585 598 Culnwnsem
1598 577 1701 600 terram
1713 575 1800 602 donat
1811 577 1903 604 ordini
1916 579 2087 615 Teutonico,
2106 581 2194 612 1228.

1244 610 1424 638 Christianus
1440 613 1590 650 episcopus
1607 614 1738 643 I’russiae
1755 619 1903 646 contii-inat
1919 621 2102 649 donationem
2120 625 2196 650 sou-

1246 652 1307 678 radi
1324 653 1401 679 salio
1418 654 1486 679 Jure
1503 664 1569 689 suo,
1591 654 1679 685 1228.

1245 694 1376 720 (Castrum
1394 695 1504 721 Dum-in
1526 702 1552 722 et
1570 697 1660 723 ticina
1682 708 1743 725 cum
1767 700 1853 735 pleno
1869 702 1938 728 Jure,
1959 704 2078 740 cedunt,
2101 706 2195 733 ordini

1246 735 1281 761 ab
1298 736 1434 772 episcopo
1451 736 1599 764 Masouiae
1616 739 1701 765 etiam
1717 740 1855 776 decimas,
1875 743 1963 773 1228.

1244 776 1327 802 Noua
1344 776 1461 803 donatio
1479 783 1571 805 terrae
1587 780 1764 815 (ulmensis,
1780 782 1856 810 sarta
1872 785 1903 811 A.
1922 785 2011 814 1230.

1245 817 1378 844 Castrum
1394 818 1483 845 Yizne
1500 819 1625 846 donatur
1641 822 1734 849 ordini
1751 823 1949 860 'I'heutonicm
1968 827 2056 856 1230.

1245 858 1425 885 Christianus
1441 861 1594 897 episcopus
1610 864 1704 889 omnia
1720 874 1770 890 sua
1786 866 1860 892 cedit
1876 868 1983 903 ordini,
2004 868 2090 898 1230.

1247 900 1386 927 Heni-icus
1402 902 1495 928 Abbas
1510 902 1546 929 de
1564 902 1666 938 Lugna
1682 910 1709 931 et
1724 906 1849 932 Joannes
1864 908 1957 935 Ahhas
1974 910 2009 936 de
2025 910 2127 937 Linda.

1244 941 1422 969 Christianus
1453 943 1639 971 donationem
1669 955 1749 973 suain
1779 948 1872 975 ordini
1902 950 2065 978 Teutonico
2094 953 2196 980 iterum

1245 984 1409 1017 continuat,
1428 983 1517 1013 1231.

1245 1024 1378 1060 Gregorii
1396 1025 1443 1053 IX.
1463 1027 1642 1054 confirmatio
1659 1028 1821 1057 donationis
1841 1040 1857 1058 a
1873 1032 2036 1061 Christiano
2052 1034 2195 1072 Episcopo

1245 1071 1273 1092 et
1288 1066 1423 1093 (onrado
1441 1067 1513 1094 duce
1528 1068 1621 1095 sactae
1638 1070 1731 1097 ordini
1750 1071 1838 1101 1230.

1245 1107 1451 1142 Confirmatio,
1481 1114 1509 1135 vt
1538 1110 1675 1146 quidquid
1706 1115 1871 1150 occupaturi
1896 1120 1990 1143 essent
2014 1116 2050 1144 de
2073 1117 2195 1153 Prussis,

1246 1148 1399 1175 Teutonici
1416 1150 1589 1185 retinerent,
1608 1151 1696 1181 1230.
1728 1153 1776 1182 11.
1793 1155 1833 1182 ld.
1850 1156 1931 1192 Sept.

1245 1189 1403 1225 Gregorius
1425 1191 1474 1217 lx.
1496 1193 1676 1219 commendat
1697 1195 1826 1222 ordinem
1849 1197 2043 1225 Teutonicum
2063 1200 2196 1227 (onrado

1244 1230 1317 1257 duci.

1244 1271 1400 1305 Gregorius
1416 1272 1464 1298 IX.
1487 1273 1565 1300 iubet
1586 1273 1721 1302 fratribus
1737 1276 1904 1305 Teutonicis
1923 1279 1989 1306 sorti
2007 1281 2099 1307 animo
2116 1282 2197 1309 iuua-

1245 1312 1313 1339 dere
1328 1312 1458 1340 I’russos.

1244 1354 1401 1380 Casimirus
1423 1354 1498 1382 filius
1515 1356 1642 1383 Com-adi
1664 1357 1744 1384 ducis
1765 1358 1915 1387 confirmat
1935 1366 2085 1398 paternam
2106 1363 2197 1391 dona-

1244 1395 1367 1429 tionem,
1385 1395 1475 1425 1233.

1243 1437 1427 1464 Innocentius
1451 1438 1499 1466 lv,
1528 1438 1680 1466 confirmat
1703 1440 1890 1469 donationem
1914 1443 2041 1471 Conradi
2065 1445 2145 1472 ducis
2170 1451 2197 1472 et

1245 1478 1411 1505 Com-adum
1426 1480 1593 1516 magistrum
1609 1482 1717 1508 annulo
1734 1482 1801 1510 dato
1818 1485 1930 1511 investit
1942 1485 1978 1512 de
1994 1491 2070 1513 terra
2085 1487 2196 1523 eadem,

1246 1518 1336 1548 1243.

1243 1561 1329 1588 Bulla
1345 1562 1478 1598 Gregorii
1493 1562 1540 1590 lx.
1561 1563 1700 1591 aduersus
1717 1565 1893 1594 'I'entonicos
1914 1568 2024 1604 equites
2040 1578 2198 1606 eorumque

1245 1602 1384 1630 facinora.

1245 1644 1288 1670 De
1304 1644 1431 1679 Legato,
1454 1645 1502 1680 qui
1524 1645 1553 1672 in
1568 1645 1713 1674 Prussiain
1735 1652 1763 1674 et
1783 1648 1852 1675 alias
1874 1649 2088 1686 neophytorum
2108 1656 2197 1678 terras

1247 1685 1383 1720 mittitur,
1406 1684 1495 1714 1244.

1246 1727 1429 1753 Innocentius
1460 1728 1601 1763 promittit
1629 1728 1835 1757 habitatoribus
1863 1736 1956 1758 terrae
1982 1732 2141 1759 Culmensis*
2171 1739 2199 1760 et

1249 1768 1438 1795 Theutonicis
1454 1769 1483 1795 in
1498 1768 1630 1804 Prussia‚
1646 1771 1772 1807 legatum
1787 1781 1816 1798 se
1832 1773 1985 1800 missurum
2000 1774 2029 1800 in
2045 1775 2198 1809 Cannium,

1249 1809 1339 1838 1244.

1247 1852 1348 1878 Abbati
1365 1851 1400 1877 de
1416 1850 1496 1877 Buch
1518 1852 1689 1887 mandatur,
1715 1858 1741 1879 vt
1763 1854 1829 1880 citet
1845 1856 2036 1892 peremptorie
2051 1856 2198 1893 Archiepi-

1247 1902 1362 1930 scopum
1379 1892 1528 1928 Prussiae,
1545 1903 1601 1930 quo
1619 1903 1649 1921 se
1664 1895 1744 1922 sistat
1759 1905 1821 1922 cuin
1836 1896 1994 1924 Theodoro
2011 1903 2200 1935 praeceptore

1250 1935 1309 1961 sedi
1326 1934 1516 1970 Apostolicae.

1248 1976 1291 2003 Ad
1307 1975 1503 2011 suffraganeos
1518 1975 1732 2013 Archiepiscopi
1748 1977 1878 2013 Pruciae,
1897 1977 1985 2008 1246.
2002 1979 2068 2006 Kal.
2081 1981 2199 2006 Januar.

1249 2018 1319 2044 Pars
1341 2018 1484 2054 priuilegii
1505 2018 1640 2045 ecclesiae
1656 2019 1787 2055 Rigensis
1806 2029 1870 2046 cum
1887 2020 2082 2057 designatione
2097 2020 2200 2048 suffra·

1249 2068 1406 2095 ganeorum
1417 2079 1424 2093 ,
1444 2059 1532 2088 1255.

1248 2101 1387 2127 Friderici
1412 2101 1596 2137 imperatoris
1626 2101 1746 2137 epistola
1771 2101 1807 2128 ad
1831 2111 1926 2138 regem
1950 2103 2089 2130 Franciae
2113 2112 2201 2139 super

1249 2143 1391 2169 sententia
1407 2142 1593 2179 depositionis
1609 2142 1666 2169 lata
1681 2152 1733 2179 per
1743 2143 1850 2180 Papam
1868 2149 1895 2169 et
1905 2144 2072 2171 Cardinales
2089 2145 2117 2171 in
2134 2154 2201 2171 con-

1250 2184 1314 2211 cilio
1340 2184 1474 2217 Lugdun.
1522 2184 1567 2210 Ex
1589 2183 1674 2211 Tom.
1696 2185 1745 2212 111.
1771 2185 2016 2212 Constitutiouum
2037 2186 2108 2223 Imp.
2130 2186 2201 2212 Gol-

1251 2225 1341 2259 dasti,
1362 2225 1382 2252 s.
1398 2223 1469 2253 375.
1491 2225 1524 2251 Α.
1542 2224 1632 2253 1247.

1248 2267 1435 2302 Priuilegium
1458 2275 1474 2293 a
1496 2266 1642 2292 Friderico
1658 2266 1693 2294 11.
1715 2276 1880 2293 concessum
1902 2267 2034 2294 Prutenis
2057 2266 2094 2294 ad
2116 2267 2201 2294 fidem

1252 2308 1357 2335 Christi
1380 2309 1534 2334 conuersis.
1578 2308 1622 2334 Ex
1637 2308 1772 2344 Epistolis
1788 2308 1865 2335 Petri
1881 2308 1916 2335 de
1932 2309 2030 2335 vineis
2048 2309 2066 2336 l.
2083 2309 2131 2337 Vl.
2154 2317 2199 2345 ep.

1250 2350 1335 2376 XXX.
1351 2349 1457 2375 editum
1475 2349 1594 2375 videtur.

1251 2391 1411 2418 Concordia
1434 2400 1484 2427 per
1499 2390 1737 2416 Archidiaconum
1753 2390 1941 2417 Leodiensem
1962 2390 2087 2427 legatum
2103 2390 2202 2426 Papae

1252 2434 1326 2460 inter
1341 2432 1566 2468 Suentopoleum
1582 2432 1770 2458 I‘omeraniae
1786 2432 1886 2458 ducem
1903 2441 1973 2467 vna,
1989 2437 2018 2459 et
2032 2432 2201 2468 Magistrum

1253 2474 1361 2500 ordinis
1377 2474 1412 2500 ab
1428 2474 1517 2500 altera
1534 2478 1633 2509 parte,
1654 2473 1815 2500 constituta.

1252 2515 1394 2542 Heiderici
1410 2515 1539 2551 episcopi
1555 2514 1714 2540 (ulmeus-is
1730 2514 1871 2550 diploma,
1893 2523 1950 2550 quo
1972 2514 2091 2541 ecclesia
2107 2513 2202 2541 cathe-

1254 2557 1340 2583 dralis
1357 2556 1545 2583 Colmenseae
1567 2561 1594 2582 et
1610 2555 1749 2581 Canonici
1770 2555 1928 2582 secundum
1948 2556 2077 2592 regulam
2097 2556 2127 2584 S.
2144 2556 2202 2582 An-

1254 2598 1358 2634 gustini
1375 2598 1601 2630 constituuntur,
1620 2595 1708 2625 1251.

1253 2640 1355 2666 Pacem
1378 2648 1394 2665 a
1409 2639 1517 2665 Jacobo
1540 2638 1719 2664 conciliatam
1740 2642 1856 2674 reparat
1877 2647 1940 2664 cum
1956 2638 2124 2666 Teutonicis
2145 2636 2202 2664 sra-

1254 2681 1344 2708 tribus
1359 2680 1572 2719 Suantopoliis,
1589 2680 1622 2707 A.
1639 2677 1729 2709 1253.
1746 2679 1796 2706 III.
1811 2679 1879 2707 Kal.
1895 2680 1967 2716 Aug.

1748 2720 1790 2749 27
