<?xml version="1.0" encoding="UTF-8"?>
<!DOCTYPE html PUBLIC "-//W3C//DTD XHTML 1.0 Transitional//EN"
    "http://www.w3.org/TR/xhtml1/DTD/xhtml1-transitional.dtd">
<html xmlns="http://www.w3.org/1999/xhtml" xml:lang="en" lang="en">
 <head>
  <title>
</title>
<meta http-equiv="Content-Type" content="text/html;charset=utf-8" />
  <meta name='ocr-system' content='tesseract 3.04.00' />
  <meta name='ocr-capabilities' content='ocr_page ocr_carea ocr_par ocr_line ocrx_word'/>
</head>
<body>
  <div class='ocr_page' id='page_1' title='image "./cataloguslibroru00leipuoft_0383.png"; bbox 0 0 2482 3068; ppageno 0'>
   <div class='ocr_carea' id='block_1_1' title="bbox 1128 159 1219 195">
    <p class='ocr_par' dir='ltr' id='par_1_1' title="bbox 1128 159 1219 195">
     <span class='ocr_line' id='line_1_1' title="bbox 1128 159 1219 195; baseline 0.011 -1"><span class='ocrx_word' id='word_1_1' title='bbox 1128 159 1219 195; x_wconf 80' lang='lat'>355</span> 
     </span>
    </p>
   </div>
   <div class='ocr_carea' id='block_1_2' title="bbox 1065 212 1266 220">
    <p class='ocr_par' dir='ltr' id='par_1_2' title="bbox 1065 212 1266 220">
     <span class='ocr_line' id='line_1_2' title="bbox 1065 212 1266 220; baseline 0 0"><span class='ocrx_word' id='word_1_2' title='bbox 1065 212 1266 220; x_wconf 95' lang='lat' dir='ltr'> </span> 
     </span>
    </p>
   </div>
   <div class='ocr_carea' id='block_1_3' title="bbox 102 266 1151 361">
    <p class='ocr_par' dir='ltr' id='par_1_3' title="bbox 102 266 1151 361">
     <span class='ocr_line' id='line_1_3' title="bbox 103 266 1151 311; baseline 0 -11"><span class='ocrx_word' id='word_1_3' title='bbox 103 278 132 301; x_wconf 87' lang='lat' dir='ltr'>et</span> <span class='ocrx_word' id='word_1_4' title='bbox 151 273 260 311; x_wconf 81' lang='lat' dir='ltr'>passim</span> <span class='ocrx_word' id='word_1_5' title='bbox 277 275 412 299; x_wconf 73' lang='lat' dir='ltr'>resartus.</span> <span class='ocrx_word' id='word_1_6' title='bbox 457 266 669 306; x_wconf 75' lang='lat' dir='ltr'>Inscriptiones</span> <span class='ocrx_word' id='word_1_7' title='bbox 686 270 817 307; x_wconf 75' lang='lat' dir='ltr'>capitum</span> <span class='ocrx_word' id='word_1_8' title='bbox 834 280 941 298; x_wconf 83' lang='lat' dir='ltr'>aureae</span> <span class='ocrx_word' id='word_1_9' title='bbox 954 275 1042 308; x_wconf 86' lang='lat' dir='ltr'>sunt,</span> <span class='ocrx_word' id='word_1_10' title='bbox 1061 281 1151 300; x_wconf 82' lang='lat' dir='ltr'>aurea</span> 
     </span>
     <span class='ocr_line' id='line_1_4' title="bbox 102 311 1150 361; baseline 0 -20"><span class='ocrx_word' id='word_1_11' title='bbox 102 315 175 343; x_wconf 87' lang='lat' dir='ltr'>item</span> <span class='ocrx_word' id='word_1_12' title='bbox 193 318 303 352; x_wconf 84' lang='lat' dir='ltr'>puncta</span> <span class='ocrx_word' id='word_1_13' title='bbox 321 311 483 340; x_wconf 81' lang='lat' dir='ltr'>versiculos</span> <span class='ocrx_word' id='word_1_14' title='bbox 504 312 674 349; x_wconf 65' lang='lat' dir='ltr'>separantia</span> <span class='ocrx_word' id='word_1_15' title='bbox 699 317 729 339; x_wconf 86' lang='lat' dir='ltr'>et</span> <span class='ocrx_word' id='word_1_16' title='bbox 748 313 851 340; x_wconf 88' lang='lat' dir='ltr'>omnia</span> <span class='ocrx_word' id='word_1_17' title='bbox 880 325 961 361; x_wconf 45' lang='lat'>²5¹&gt;</span> <span class='ocrx_word' id='word_1_18' title='bbox 984 319 1013 341; x_wconf 91' lang='lat' dir='ltr'>et</span> <span class='ocrx_word' id='word_1_19' title='bbox 1036 319 1150 352; x_wconf 53' lang='lat' dir='ltr'>vok-5».</span> 
     </span>
    </p>
   </div>
   <div class='ocr_carea' id='block_1_4' title="bbox 102 360 1150 408">
    <p class='ocr_par' dir='ltr' id='par_1_4' title="bbox 102 360 1150 408">
     <span class='ocr_line' id='line_1_5' title="bbox 102 360 1150 408; baseline 0 -16"><span class='ocrx_word' id='word_1_20' title='bbox 102 365 134 392; x_wconf 87' lang='lat' dir='ltr'>in</span> <span class='ocrx_word' id='word_1_21' title='bbox 153 362 334 401; x_wconf 81' lang='lat' dir='ltr'>marginibus</span> <span class='ocrx_word' id='word_1_22' title='bbox 352 360 517 399; x_wconf 81' lang='lat' dir='ltr'>adscripta,</span> <span class='ocrx_word' id='word_1_23' title='bbox 541 373 623 408; x_wconf 28' lang='lat' dir='ltr'>vj&gt;</span> <span class='ocrx_word' id='word_1_24' title='bbox 641 365 729 395; x_wconf 48' lang='grc' dir='ltr'>ψὐιᾶ</span> <span class='ocrx_word' id='word_1_25' title='bbox 753 367 854 390; x_wconf 80' lang='lat' dir='ltr'>autem</span> <span class='ocrx_word' id='word_1_26' title='bbox 878 363 1023 391; x_wconf 78' lang='lat' dir='ltr'>caerulea.</span> <span class='ocrx_word' id='word_1_27' title='bbox 1068 364 1150 392; x_wconf 85' lang='lat' dir='ltr'>Inci-</span> 
     </span>
    </p>
   </div>
   <div class='ocr_carea' id='block_1_5' title="bbox 102 410 1148 525">
    <p class='ocr_par' dir='ltr' id='par_1_5' title="bbox 102 410 1148 525">
     <span class='ocr_line' id='line_1_6' title="bbox 102 410 1148 452; baseline 0.001 -11"><span class='ocrx_word' id='word_1_28' title='bbox 102 413 146 452; x_wconf 89' lang='lat' dir='ltr'>pit</span> <span class='ocrx_word' id='word_1_29' title='bbox 174 422 191 440; x_wconf 81' lang='lat' dir='ltr'>a</span> <span class='ocrx_word' id='word_1_30' title='bbox 212 411 312 440; x_wconf 87' lang='lat' dir='ltr'>medio</span> <span class='ocrx_word' id='word_1_31' title='bbox 336 421 412 440; x_wconf 83' lang='lat' dir='ltr'>vers.</span> <span class='ocrx_word' id='word_1_32' title='bbox 441 414 478 439; x_wconf 89' lang='grc'>12</span> <span class='ocrx_word' id='word_1_33' title='bbox 503 413 567 440; x_wconf 86' lang='lat' dir='ltr'>Sur.</span> <span class='ocrx_word' id='word_1_34' title='bbox 590 412 625 445; x_wconf 84' lang='lat'>4,</span> <span class='ocrx_word' id='word_1_35' title='bbox 661 416 691 440; x_wconf 85' lang='lat' dir='ltr'>et</span> <span class='ocrx_word' id='word_1_36' title='bbox 714 410 813 440; x_wconf 87' lang='lat' dir='ltr'>deficit</span> <span class='ocrx_word' id='word_1_37' title='bbox 834 413 866 440; x_wconf 89' lang='lat' dir='ltr'>in</span> <span class='ocrx_word' id='word_1_38' title='bbox 887 412 987 442; x_wconf 88' lang='lat' dir='ltr'>medio</span> <span class='ocrx_word' id='word_1_39' title='bbox 1009 423 1085 442; x_wconf 81' lang='lat' dir='ltr'>vers.</span> <span class='ocrx_word' id='word_1_40' title='bbox 1110 414 1148 442; x_wconf 87' lang='grc'>14</span> 
     </span>
     <span class='ocr_line' id='line_1_7' title="bbox 102 451 1147 525; baseline 0.001 -42"><span class='ocrx_word' id='word_1_41' title='bbox 102 453 170 525; x_wconf 39' lang='lat'>{213-</span> <span class='ocrx_word' id='word_1_42' title='bbox 187 451 356 524; x_wconf 38' lang='lat' dir='ltr'>{tanatem</span> <span class='ocrx_word' id='word_1_43' title='bbox 372 464 387 481; x_wconf 93' lang='lat' dir='ltr'>e</span> <span class='ocrx_word' id='word_1_44' title='bbox 408 453 508 482; x_wconf 86' lang='lat' dir='ltr'>medio</span> <span class='ocrx_word' id='word_1_45' title='bbox 523 454 598 481; x_wconf 86' lang='lat' dir='ltr'>libro</span> <span class='ocrx_word' id='word_1_46' title='bbox 614 454 716 482; x_wconf 86' lang='lat' dir='ltr'>evulsa</span> <span class='ocrx_word' id='word_1_47' title='bbox 730 459 800 482; x_wconf 86' lang='lat' dir='ltr'>sunt</span> <span class='ocrx_word' id='word_1_48' title='bbox 816 454 875 482; x_wconf 91' lang='lat' dir='ltr'>duo</span> <span class='ocrx_word' id='word_1_49' title='bbox 898 455 972 484; x_wconf 82' lang='lat' dir='ltr'>folia</span> <span class='ocrx_word' id='word_1_50' title='bbox 994 455 1074 484; x_wconf 89' lang='lat' dir='ltr'>inter</span> <span class='ocrx_word' id='word_1_51' title='bbox 1093 455 1147 485; x_wconf 81' lang='lat' dir='ltr'>sol.</span> 
     </span>
    </p>
   </div>
   <div class='ocr_carea' id='block_1_6' title="bbox 520 578 730 669">
    <p class='ocr_par' dir='ltr' id='par_1_6' title="bbox 520 578 730 669">
     <span class='ocr_line' id='line_1_8' title="bbox 596 578 656 613; baseline -0.017 0"><span class='ocrx_word' id='word_1_52' title='bbox 596 578 656 613; x_wconf 90' lang='lat' dir='ltr'><strong>LI.</strong></span> 
     </span>
     <span class='ocr_line' id='line_1_9' title="bbox 520 635 730 669; baseline -0.01 -8"><span class='ocrx_word' id='word_1_53' title='bbox 520 635 579 669; x_wconf 70' lang='lat' dir='ltr'>[Ac.</span> <span class='ocrx_word' id='word_1_54' title='bbox 603 636 635 661; x_wconf 72' lang='grc' dir='ltr'>Η.</span> <span class='ocrx_word' id='word_1_55' title='bbox 655 636 730 667; x_wconf 67' lang='grc'><strong>237]</strong></span> 
     </span>
    </p>
   </div>
   <div class='ocr_carea' id='block_1_7' title="bbox 100 686 1148 1190">
    <p class='ocr_par' dir='ltr' id='par_1_7' title="bbox 100 686 1148 1190">
     <span class='ocr_line' id='line_1_10' title="bbox 190 686 1148 726; baseline 0 -9"><span class='ocrx_word' id='word_1_56' title='bbox 190 686 338 721; x_wconf 79' lang='lat' dir='ltr'>Coranus,</span> <span class='ocrx_word' id='word_1_57' title='bbox 362 689 505 723; x_wconf 84' lang='lat' dir='ltr'>4⁰min.‚</span> <span class='ocrx_word' id='word_1_58' title='bbox 528 689 592 718; x_wconf 87' lang='lat' dir='ltr'>foll.</span> <span class='ocrx_word' id='word_1_59' title='bbox 615 690 693 723; x_wconf 88' lang='lat'>282,</span> <span class='ocrx_word' id='word_1_60' title='bbox 717 688 843 726; x_wconf 87' lang='lat' dir='ltr'>scriptus</span> <span class='ocrx_word' id='word_1_61' title='bbox 866 686 948 718; x_wconf 86' lang='lat' dir='ltr'>char.</span> <span class='ocrx_word' id='word_1_62' title='bbox 973 686 1077 717; x_wconf 85' lang='lat' dir='ltr'>neschi</span> <span class='ocrx_word' id='word_1_63' title='bbox 1098 698 1148 717; x_wconf 87' lang='lat' dir='ltr'>ro-</span> 
     </span>
     <span class='ocr_line' id='line_1_11' title="bbox 103 731 1146 770; baseline 0.001 -12"><span class='ocrx_word' id='word_1_64' title='bbox 103 731 207 766; x_wconf 87' lang='lat' dir='ltr'>busto,</span> <span class='ocrx_word' id='word_1_65' title='bbox 238 731 414 770; x_wconf 81' lang='lat' dir='ltr'>inquinatus</span> <span class='ocrx_word' id='word_1_66' title='bbox 435 736 465 759; x_wconf 90' lang='lat' dir='ltr'>et</span> <span class='ocrx_word' id='word_1_67' title='bbox 486 741 586 759; x_wconf 89' lang='lat' dir='ltr'>versus</span> <span class='ocrx_word' id='word_1_68' title='bbox 608 731 699 758; x_wconf 87' lang='lat' dir='ltr'>finem</span> <span class='ocrx_word' id='word_1_69' title='bbox 727 731 835 768; x_wconf 82' lang='lat' dir='ltr'>passim</span> <span class='ocrx_word' id='word_1_70' title='bbox 857 736 1005 767; x_wconf 82' lang='lat' dir='ltr'>resartus,</span> <span class='ocrx_word' id='word_1_71' title='bbox 1037 731 1146 759; x_wconf 82' lang='lat' dir='ltr'>iuscri-</span> 
     </span>
     <span class='ocr_line' id='line_1_12' title="bbox 101 773 1148 811; baseline 0.001 -11"><span class='ocrx_word' id='word_1_72' title='bbox 101 773 255 810; x_wconf 86' lang='lat' dir='ltr'>ptionibus</span> <span class='ocrx_word' id='word_1_73' title='bbox 281 774 412 811; x_wconf 79' lang='lat' dir='ltr'>capitum</span> <span class='ocrx_word' id='word_1_74' title='bbox 429 778 458 801; x_wconf 87' lang='lat' dir='ltr'>et</span> <span class='ocrx_word' id='word_1_75' title='bbox 480 774 596 810; x_wconf 84' lang='lat' dir='ltr'>punctis</span> <span class='ocrx_word' id='word_1_76' title='bbox 615 773 776 800; x_wconf 85' lang='lat' dir='ltr'>versiculos</span> <span class='ocrx_word' id='word_1_77' title='bbox 799 773 1004 810; x_wconf 78' lang='lat' dir='ltr'><strong>separantibus</strong></span> <span class='ocrx_word' id='word_1_78' title='bbox 1029 778 1058 801; x_wconf 87' lang='lat' dir='ltr'>et</span> <span class='ocrx_word' id='word_1_79' title='bbox 1074 783 1148 811; x_wconf 82' lang='lat' dir='ltr'>pau-</span> 
     </span>
     <span class='ocr_line' id='line_1_13' title="bbox 101 812 1147 853; baseline 0.001 -11"><span class='ocrx_word' id='word_1_80' title='bbox 101 823 205 843; x_wconf 80' lang='lat' dir='ltr'>sarum</span> <span class='ocrx_word' id='word_1_81' title='bbox 220 815 311 853; x_wconf 85' lang='lat' dir='ltr'>signis</span> <span class='ocrx_word' id='word_1_82' title='bbox 327 815 440 851; x_wconf 84' lang='lat' dir='ltr'>rubris,</span> <span class='ocrx_word' id='word_1_83' title='bbox 464 815 564 843; x_wconf 88' lang='lat' dir='ltr'>limbis</span> <span class='ocrx_word' id='word_1_84' title='bbox 587 815 688 843; x_wconf 85' lang='lat' dir='ltr'>nullis.</span> <span class='ocrx_word' id='word_1_85' title='bbox 735 813 839 842; x_wconf 80' lang='lat' dir='ltr'><strong>Codex</strong></span> <span class='ocrx_word' id='word_1_86' title='bbox 858 812 904 842; x_wconf 90' lang='lat' dir='ltr'>his</span> <span class='ocrx_word' id='word_1_87' title='bbox 928 815 1000 843; x_wconf 85' lang='lat' dir='ltr'>locis</span> <span class='ocrx_word' id='word_1_88' title='bbox 1022 820 1147 843; x_wconf 86' lang='lat' dir='ltr'>truncus</span> 
     </span>
     <span class='ocr_line' id='line_1_14' title="bbox 101 856 1147 895; baseline 0.001 -11"><span class='ocrx_word' id='word_1_89' title='bbox 101 862 163 885; x_wconf 85' lang='lat' dir='ltr'>est:</span> <span class='ocrx_word' id='word_1_90' title='bbox 193 862 260 895; x_wconf 88' lang='lat' dir='ltr'>post</span> <span class='ocrx_word' id='word_1_91' title='bbox 280 857 333 885; x_wconf 81' lang='lat' dir='ltr'>fol.</span> <span class='ocrx_word' id='word_1_92' title='bbox 357 859 375 886; x_wconf 88' lang='lat'>8</span> <span class='ocrx_word' id='word_1_93' title='bbox 398 866 493 884; x_wconf 87' lang='lat' dir='ltr'>unum</span> <span class='ocrx_word' id='word_1_94' title='bbox 519 856 648 890; x_wconf 79' lang='lat' dir='ltr'><strong>excidit,</strong></span> <span class='ocrx_word' id='word_1_95' title='bbox 676 865 736 895; x_wconf 85' lang='lat' dir='ltr'>quo</span> <span class='ocrx_word' id='word_1_96' title='bbox 760 857 792 884; x_wconf 88' lang='lat' dir='ltr'>fit</span> <span class='ocrx_word' id='word_1_97' title='bbox 813 861 863 892; x_wconf 90' lang='lat' dir='ltr'>ut,</span> <span class='ocrx_word' id='word_1_98' title='bbox 899 866 995 895; x_wconf 89' lang='lat' dir='ltr'>quum</span> <span class='ocrx_word' id='word_1_99' title='bbox 1016 856 1093 885; x_wconf 90' lang='lat' dir='ltr'>illud</span> <span class='ocrx_word' id='word_1_100' title='bbox 1116 859 1147 885; x_wconf 86' lang='lat' dir='ltr'>in</span> 
     </span>
     <span class='ocr_line' id='line_1_15' title="bbox 101 897 1145 934; baseline 0.003 -9"><span class='ocrx_word' id='word_1_101' title='bbox 101 907 178 927; x_wconf 79' lang='lat' dir='ltr'>vers.</span> <span class='ocrx_word' id='word_1_102' title='bbox 199 901 239 928; x_wconf 79' lang='lat'>96</span> <span class='ocrx_word' id='word_1_103' title='bbox 264 897 334 928; x_wconf 88' lang='lat' dir='ltr'>Sur.</span> <span class='ocrx_word' id='word_1_104' title='bbox 349 901 367 926; x_wconf 84' lang='lat'><strong>2</strong></span> <span class='ocrx_word' id='word_1_105' title='bbox 390 904 492 934; x_wconf 83' lang='lat' dir='ltr'>exeat,</span> <span class='ocrx_word' id='word_1_106' title='bbox 523 899 575 926; x_wconf 81' lang='lat' dir='ltr'>sol.</span> <span class='ocrx_word' id='word_1_107' title='bbox 595 902 612 927; x_wconf 82' lang='grc'><strong>9</strong></span> <span class='ocrx_word' id='word_1_108' title='bbox 635 899 671 926; x_wconf 85' lang='lat' dir='ltr'>ab</span> <span class='ocrx_word' id='word_1_109' title='bbox 700 898 833 934; x_wconf 80' lang='lat' dir='ltr'>ejusdem</span> <span class='ocrx_word' id='word_1_110' title='bbox 853 904 971 927; x_wconf 72' lang='lat' dir='ltr'>sui-atae</span> <span class='ocrx_word' id='word_1_111' title='bbox 993 910 1065 927; x_wconf 86' lang='lat' dir='ltr'>vers.</span> <span class='ocrx_word' id='word_1_112' title='bbox 1085 902 1145 928; x_wconf 89' lang='lat'>107</span> 
     </span>
     <span class='ocr_line' id='line_1_16' title="bbox 101 940 1145 979; baseline 0.001 -11"><span class='ocrx_word' id='word_1_113' title='bbox 101 940 244 979; x_wconf 82' lang='lat' dir='ltr'>incipiat3</span> <span class='ocrx_word' id='word_1_114' title='bbox 269 940 378 969; x_wconf 88' lang='lat' dir='ltr'>deinde</span> <span class='ocrx_word' id='word_1_115' title='bbox 393 940 493 968; x_wconf 84' lang='lat' dir='ltr'>f01.16</span> <span class='ocrx_word' id='word_1_116' title='bbox 511 940 668 968; x_wconf 84' lang='lat' dir='ltr'>dimidium</span> <span class='ocrx_word' id='word_1_117' title='bbox 686 941 822 968; x_wconf 83' lang='lat' dir='ltr'>evulsum</span> <span class='ocrx_word' id='word_1_118' title='bbox 841 945 900 975; x_wconf 87' lang='lat' dir='ltr'>est,</span> <span class='ocrx_word' id='word_1_119' title='bbox 925 941 977 969; x_wconf 84' lang='lat' dir='ltr'>fol.</span> <span class='ocrx_word' id='word_1_120' title='bbox 989 943 1027 969; x_wconf 87' lang='grc'>36</span> <span class='ocrx_word' id='word_1_121' title='bbox 1045 947 1145 970; x_wconf 84' lang='lat' dir='ltr'>autem</span> 
     </span>
     <span class='ocr_line' id='line_1_17' title="bbox 104 983 1146 1021; baseline 0.001 -11"><span class='ocrx_word' id='word_1_122' title='bbox 104 991 200 1019; x_wconf 83' lang='lat' dir='ltr'>paene</span> <span class='ocrx_word' id='word_1_123' title='bbox 220 987 337 1018; x_wconf 88' lang='lat' dir='ltr'>totum,</span> <span class='ocrx_word' id='word_1_124' title='bbox 368 988 402 1011; x_wconf 91' lang='lat' dir='ltr'>ut</span> <span class='ocrx_word' id='word_1_125' title='bbox 424 983 533 1020; x_wconf 86' lang='lat' dir='ltr'>exigua</span> <span class='ocrx_word' id='word_1_126' title='bbox 554 988 672 1011; x_wconf 88' lang='lat' dir='ltr'>tantum</span> <span class='ocrx_word' id='word_1_127' title='bbox 694 983 755 1018; x_wconf 86' lang='lat' dir='ltr'>ejus</span> <span class='ocrx_word' id='word_1_128' title='bbox 776 983 886 1010; x_wconf 86' lang='lat' dir='ltr'>lacinia</span> <span class='ocrx_word' id='word_1_129' title='bbox 906 985 1049 1021; x_wconf 79' lang='lat' dir='ltr'>supersit3</span> <span class='ocrx_word' id='word_1_130' title='bbox 1074 984 1146 1012; x_wconf 86' lang='lat' dir='ltr'>item</span> 
     </span>
     <span class='ocr_line' id='line_1_18' title="bbox 101 1024 1145 1064; baseline 0 -11"><span class='ocrx_word' id='word_1_131' title='bbox 101 1025 204 1053; x_wconf 76' lang='lat' dir='ltr'>evulsa</span> <span class='ocrx_word' id='word_1_132' title='bbox 224 1030 295 1053; x_wconf 84' lang='lat' dir='ltr'>sunt</span> <span class='ocrx_word' id='word_1_133' title='bbox 319 1030 383 1063; x_wconf 86' lang='lat' dir='ltr'>post</span> <span class='ocrx_word' id='word_1_134' title='bbox 405 1024 457 1052; x_wconf 82' lang='lat' dir='ltr'>fol.</span> <span class='ocrx_word' id='word_1_135' title='bbox 480 1027 540 1053; x_wconf 84' lang='lat'>207</span> <span class='ocrx_word' id='word_1_136' title='bbox 563 1030 692 1064; x_wconf 78' lang='lat' dir='ltr'>quatuor</span> <span class='ocrx_word' id='word_1_137' title='bbox 712 1025 800 1058; x_wconf 83' lang='lat' dir='ltr'>folia,</span> <span class='ocrx_word' id='word_1_138' title='bbox 832 1034 892 1063; x_wconf 87' lang='lat' dir='ltr'>quo</span> <span class='ocrx_word' id='word_1_139' title='bbox 914 1025 947 1053; x_wconf 87' lang='lat' dir='ltr'>fit</span> <span class='ocrx_word' id='word_1_140' title='bbox 970 1031 1019 1062; x_wconf 86' lang='lat' dir='ltr'>ut,</span> <span class='ocrx_word' id='word_1_141' title='bbox 1050 1035 1145 1064; x_wconf 90' lang='lat' dir='ltr'>quum</span> 
     </span>
     <span class='ocr_line' id='line_1_19' title="bbox 100 1064 1143 1100; baseline 0.001 -6"><span class='ocrx_word' id='word_1_142' title='bbox 100 1065 178 1094; x_wconf 87' lang='lat' dir='ltr'>illud</span> <span class='ocrx_word' id='word_1_143' title='bbox 191 1067 223 1094; x_wconf 91' lang='lat' dir='ltr'>in</span> <span class='ocrx_word' id='word_1_144' title='bbox 239 1077 313 1096; x_wconf 80' lang='lat' dir='ltr'>vers.</span> <span class='ocrx_word' id='word_1_145' title='bbox 330 1068 369 1096; x_wconf 81' lang='grc'><strong>49</strong></span> <span class='ocrx_word' id='word_1_146' title='bbox 384 1064 453 1095; x_wconf 90' lang='lat' dir='ltr'>Sur.</span> <span class='ocrx_word' id='word_1_147' title='bbox 469 1067 509 1094; x_wconf 86' lang='grc'>34</span> <span class='ocrx_word' id='word_1_148' title='bbox 527 1072 631 1100; x_wconf 85' lang='lat' dir='ltr'>exeat,</span> <span class='ocrx_word' id='word_1_149' title='bbox 656 1067 709 1094; x_wconf 74' lang='lat' dir='ltr'>fot.</span> <span class='ocrx_word' id='word_1_150' title='bbox 731 1068 791 1094; x_wconf 90' lang='grc'>208</span> <span class='ocrx_word' id='word_1_151' title='bbox 817 1076 834 1093; x_wconf 91' lang='lat' dir='ltr'>a</span> <span class='ocrx_word' id='word_1_152' title='bbox 858 1076 936 1095; x_wconf 87' lang='lat' dir='ltr'>vers.</span> <span class='ocrx_word' id='word_1_153' title='bbox 956 1070 995 1096; x_wconf 88' lang='grc'>27</span> <span class='ocrx_word' id='word_1_154' title='bbox 1020 1066 1088 1096; x_wconf 88' lang='lat' dir='ltr'>Sur.</span> <span class='ocrx_word' id='word_1_155' title='bbox 1105 1069 1143 1095; x_wconf 81' lang='lat'>36</span> 
     </span>
     <span class='ocr_line' id='line_1_20' title="bbox 104 1107 1144 1147; baseline 0.003 -12"><span class='ocrx_word' id='word_1_156' title='bbox 104 1108 246 1147; x_wconf 77' lang='lat' dir='ltr'>incipiat3</span> <span class='ocrx_word' id='word_1_157' title='bbox 271 1110 344 1137; x_wconf 88' lang='lat' dir='ltr'>item</span> <span class='ocrx_word' id='word_1_158' title='bbox 360 1114 426 1147; x_wconf 87' lang='lat' dir='ltr'>post</span> <span class='ocrx_word' id='word_1_159' title='bbox 442 1109 497 1137; x_wconf 83' lang='lat' dir='ltr'>fol.</span> <span class='ocrx_word' id='word_1_160' title='bbox 516 1112 595 1145; x_wconf 84' lang='lat'>275,</span> <span class='ocrx_word' id='word_1_161' title='bbox 620 1107 698 1147; x_wconf 83' lang='lat' dir='ltr'>quod</span> <span class='ocrx_word' id='word_1_162' title='bbox 715 1109 777 1136; x_wconf 82' lang='lat' dir='ltr'>exit</span> <span class='ocrx_word' id='word_1_163' title='bbox 798 1108 829 1135; x_wconf 90' lang='lat' dir='ltr'>in</span> <span class='ocrx_word' id='word_1_164' title='bbox 854 1118 932 1137; x_wconf 84' lang='lat' dir='ltr'>vers.</span> <span class='ocrx_word' id='word_1_165' title='bbox 947 1112 988 1138; x_wconf 85' lang='lat'>20</span> <span class='ocrx_word' id='word_1_166' title='bbox 1010 1107 1079 1138; x_wconf 81' lang='lat' dir='ltr'>Sur.</span> <span class='ocrx_word' id='word_1_167' title='bbox 1094 1112 1144 1144; x_wconf 85' lang='lat'>75,</span> 
     </span>
     <span class='ocr_line' id='line_1_21' title="bbox 102 1149 1145 1190; baseline 0.002 -13"><span class='ocrx_word' id='word_1_168' title='bbox 102 1151 164 1178; x_wconf 84' lang='lat'>276</span> <span class='ocrx_word' id='word_1_169' title='bbox 187 1150 293 1189; x_wconf 84' lang='lat' dir='ltr'>incipit</span> <span class='ocrx_word' id='word_1_170' title='bbox 317 1161 332 1178; x_wconf 84' lang='lat' dir='ltr'>a</span> <span class='ocrx_word' id='word_1_171' title='bbox 356 1161 433 1179; x_wconf 87' lang='lat' dir='ltr'>vers.</span> <span class='ocrx_word' id='word_1_172' title='bbox 452 1153 491 1178; x_wconf 79' lang='lat'>23</span> <span class='ocrx_word' id='word_1_173' title='bbox 514 1149 581 1179; x_wconf 86' lang='lat' dir='ltr'>Sur.</span> <span class='ocrx_word' id='word_1_174' title='bbox 599 1153 657 1184; x_wconf 84' lang='lat'>76,</span> <span class='ocrx_word' id='word_1_175' title='bbox 682 1155 793 1188; x_wconf 80' lang='lat' dir='ltr'>etpost</span> <span class='ocrx_word' id='word_1_176' title='bbox 813 1150 865 1178; x_wconf 80' lang='lat' dir='ltr'>fol.</span> <span class='ocrx_word' id='word_1_177' title='bbox 882 1153 963 1188; x_wconf 86' lang='lat'>277,</span> <span class='ocrx_word' id='word_1_178' title='bbox 986 1151 1067 1190; x_wconf 86' lang='lat' dir='ltr'>quod</span> <span class='ocrx_word' id='word_1_179' title='bbox 1082 1152 1145 1179; x_wconf 80' lang='lat' dir='ltr'>exit</span> 
     </span>
    </p>
   </div>
   <div class='ocr_carea' id='block_1_8' title="bbox 101 1190 1165 1231">
    <p class='ocr_par' dir='ltr' id='par_1_8' title="bbox 101 1190 1165 1231">
     <span class='ocr_line' id='line_1_22' title="bbox 101 1190 1165 1231; baseline 0.003 -12"><span class='ocrx_word' id='word_1_180' title='bbox 101 1191 132 1219; x_wconf 93' lang='lat' dir='ltr'>in</span> <span class='ocrx_word' id='word_1_181' title='bbox 154 1202 230 1221; x_wconf 82' lang='lat' dir='ltr'>vers.</span> <span class='ocrx_word' id='word_1_182' title='bbox 247 1195 286 1221; x_wconf 86' lang='lat'>27</span> <span class='ocrx_word' id='word_1_183' title='bbox 309 1190 378 1221; x_wconf 86' lang='lat' dir='ltr'>Sur.</span> <span class='ocrx_word' id='word_1_184' title='bbox 397 1195 455 1226; x_wconf 71' lang='lat'>79,</span> <span class='ocrx_word' id='word_1_185' title='bbox 488 1195 548 1220; x_wconf 76' lang='grc'><strong>278</strong></span> <span class='ocrx_word' id='word_1_186' title='bbox 572 1192 677 1229; x_wconf 87' lang='lat' dir='ltr'>incipit</span> <span class='ocrx_word' id='word_1_187' title='bbox 700 1201 715 1219; x_wconf 85' lang='lat' dir='ltr'>a</span> <span class='ocrx_word' id='word_1_188' title='bbox 736 1202 810 1220; x_wconf 85' lang='lat' dir='ltr'>vers.</span> <span class='ocrx_word' id='word_1_189' title='bbox 833 1195 873 1221; x_wconf 82' lang='lat'>29</span> <span class='ocrx_word' id='word_1_190' title='bbox 897 1190 965 1221; x_wconf 81' lang='lat' dir='ltr'>Sur.</span> <span class='ocrx_word' id='word_1_191' title='bbox 987 1195 1046 1231; x_wconf 77' lang='lat'>833</span> <span class='ocrx_word' id='word_1_192' title='bbox 1075 1199 1144 1222; x_wconf 78' lang='lat' dir='ltr'>tan-</span> <span class='ocrx_word' id='word_1_193' title='bbox 1164 1224 1165 1227; x_wconf 14' lang='grc' dir='ltr'><strong>Ἴ</strong></span> 
     </span>
    </p>
   </div>
   <div class='ocr_carea' id='block_1_9' title="bbox 103 1231 949 1264">
    <p class='ocr_par' dir='ltr' id='par_1_9' title="bbox 103 1231 949 1264">
     <span class='ocr_line' id='line_1_23' title="bbox 103 1231 949 1264; baseline 0.002 -3"><span class='ocrx_word' id='word_1_194' title='bbox 103 1232 172 1262; x_wconf 90' lang='lat' dir='ltr'>dem</span> <span class='ocrx_word' id='word_1_195' title='bbox 188 1235 331 1263; x_wconf 85' lang='lat' dir='ltr'>ultimum</span> <span class='ocrx_word' id='word_1_196' title='bbox 348 1235 456 1262; x_wconf 80' lang='lat' dir='ltr'>folium</span> <span class='ocrx_word' id='word_1_197' title='bbox 472 1233 574 1262; x_wconf 88' lang='lat' dir='ltr'>deficit</span> <span class='ocrx_word' id='word_1_198' title='bbox 589 1235 619 1261; x_wconf 93' lang='lat' dir='ltr'>in</span> <span class='ocrx_word' id='word_1_199' title='bbox 639 1234 769 1261; x_wconf 87' lang='lat' dir='ltr'>besmela</span> <span class='ocrx_word' id='word_1_200' title='bbox 787 1231 858 1262; x_wconf 89' lang='lat' dir='ltr'>Sur.</span> <span class='ocrx_word' id='word_1_201' title='bbox 878 1236 949 1264; x_wconf 87' lang='lat'>100.</span> 
     </span>
    </p>
   </div>
   <div class='ocr_carea' id='block_1_10' title="bbox 518 1316 726 1406">
    <p class='ocr_par' dir='ltr' id='par_1_10' title="bbox 518 1316 726 1406">
     <span class='ocr_line' id='line_1_24' title="bbox 580 1316 659 1351; baseline 0 0"><span class='ocrx_word' id='word_1_202' title='bbox 580 1316 659 1351; x_wconf 92' lang='lat' dir='ltr'><strong>LII.</strong></span> 
     </span>
     <span class='ocr_line' id='line_1_25' title="bbox 518 1373 726 1406; baseline 0.005 -9"><span class='ocrx_word' id='word_1_203' title='bbox 518 1373 578 1406; x_wconf 62' lang='lat' dir='ltr'>[Ae.</span> <span class='ocrx_word' id='word_1_204' title='bbox 599 1373 631 1397; x_wconf 68' lang='lat' dir='ltr'>a.</span> <span class='ocrx_word' id='word_1_205' title='bbox 651 1373 726 1404; x_wconf 73' lang='lat'>243]</span> 
     </span>
    </p>
   </div>
   <div class='ocr_carea' id='block_1_11' title="bbox 100 1422 1144 1879">
    <p class='ocr_par' dir='ltr' id='par_1_11' title="bbox 100 1422 1144 1879">
     <span class='ocr_line' id='line_1_26' title="bbox 188 1422 1144 1463; baseline -0.001 -10"><span class='ocrx_word' id='word_1_206' title='bbox 188 1422 338 1461; x_wconf 78' lang='lat' dir='ltr'>Coranus,</span> <span class='ocrx_word' id='word_1_207' title='bbox 361 1425 502 1459; x_wconf 87' lang='lat' dir='ltr'>4⁰miu.‚</span> <span class='ocrx_word' id='word_1_208' title='bbox 524 1425 591 1452; x_wconf 83' lang='lat' dir='ltr'>foll.</span> <span class='ocrx_word' id='word_1_209' title='bbox 608 1426 686 1458; x_wconf 80' lang='lat'>257,</span> <span class='ocrx_word' id='word_1_210' title='bbox 710 1424 837 1462; x_wconf 83' lang='lat' dir='ltr'>scriptus</span> <span class='ocrx_word' id='word_1_211' title='bbox 852 1422 934 1453; x_wconf 88' lang='lat' dir='ltr'>char.</span> <span class='ocrx_word' id='word_1_212' title='bbox 952 1423 1059 1452; x_wconf 88' lang='lat' dir='ltr'>neschi</span> <span class='ocrx_word' id='word_1_213' title='bbox 1073 1435 1144 1463; x_wconf 88' lang='lat' dir='ltr'>per-</span> 
     </span>
     <span class='ocr_line' id='line_1_27' title="bbox 100 1466 1144 1506; baseline 0.001 -11"><span class='ocrx_word' id='word_1_214' title='bbox 100 1467 222 1506; x_wconf 82' lang='lat' dir='ltr'>spicuo,</span> <span class='ocrx_word' id='word_1_215' title='bbox 256 1467 455 1495; x_wconf 85' lang='lat' dir='ltr'>sinistrorsum</span> <span class='ocrx_word' id='word_1_216' title='bbox 486 1467 650 1501; x_wconf 86' lang='lat' dir='ltr'>inclinato,</span> <span class='ocrx_word' id='word_1_217' title='bbox 684 1466 928 1505; x_wconf 85' lang='lat' dir='ltr'>inscriptionibus</span> <span class='ocrx_word' id='word_1_218' title='bbox 957 1467 1089 1505; x_wconf 85' lang='lat' dir='ltr'>capitum</span> <span class='ocrx_word' id='word_1_219' title='bbox 1115 1473 1144 1496; x_wconf 90' lang='lat' dir='ltr'>et</span> 
     </span>
     <span class='ocr_line' id='line_1_28' title="bbox 100 1508 1142 1548; baseline 0 -11"><span class='ocrx_word' id='word_1_220' title='bbox 100 1509 219 1548; x_wconf 84' lang='lat' dir='ltr'>punctis</span> <span class='ocrx_word' id='word_1_221' title='bbox 244 1508 322 1538; x_wconf 84' lang='lat' dir='ltr'>inter</span> <span class='ocrx_word' id='word_1_222' title='bbox 345 1509 508 1538; x_wconf 87' lang='lat' dir='ltr'>versiculos</span> <span class='ocrx_word' id='word_1_223' title='bbox 534 1513 564 1536; x_wconf 92' lang='lat' dir='ltr'>et</span> <span class='ocrx_word' id='word_1_224' title='bbox 594 1517 754 1546; x_wconf 85' lang='lat' dir='ltr'>pausarum</span> <span class='ocrx_word' id='word_1_225' title='bbox 782 1509 874 1547; x_wconf 86' lang='lat' dir='ltr'>signis</span> <span class='ocrx_word' id='word_1_226' title='bbox 898 1509 1011 1543; x_wconf 85' lang='lat' dir='ltr'>rubris,</span> <span class='ocrx_word' id='word_1_227' title='bbox 1042 1509 1142 1537; x_wconf 86' lang='lat' dir='ltr'>limbis</span> 
     </span>
     <span class='ocr_line' id='line_1_29' title="bbox 101 1550 1143 1590; baseline 0 -11"><span class='ocrx_word' id='word_1_228' title='bbox 101 1551 212 1586; x_wconf 87' lang='lat' dir='ltr'>nullis,</span> <span class='ocrx_word' id='word_1_229' title='bbox 236 1555 368 1580; x_wconf 88' lang='lat' dir='ltr'>ceterum</span> <span class='ocrx_word' id='word_1_230' title='bbox 395 1551 528 1579; x_wconf 89' lang='lat' dir='ltr'>multum</span> <span class='ocrx_word' id='word_1_231' title='bbox 551 1550 746 1589; x_wconf 80' lang='lat' dir='ltr'>inquinatus,</span> <span class='ocrx_word' id='word_1_232' title='bbox 769 1551 865 1587; x_wconf 81' lang='lat' dir='ltr'>lacer,</span> <span class='ocrx_word' id='word_1_233' title='bbox 885 1556 1029 1585; x_wconf 83' lang='lat' dir='ltr'>resartus,</span> <span class='ocrx_word' id='word_1_234' title='bbox 1053 1557 1143 1590; x_wconf 84' lang='lat' dir='ltr'>atque</span> 
     </span>
     <span class='ocr_line' id='line_1_30' title="bbox 101 1591 1142 1630; baseline 0 -9"><span class='ocrx_word' id='word_1_235' title='bbox 101 1594 194 1621; x_wconf 79' lang='lat' dir='ltr'>etiam</span> <span class='ocrx_word' id='word_1_236' title='bbox 207 1599 339 1622; x_wconf 84' lang='lat' dir='ltr'>truncus.</span> <span class='ocrx_word' id='word_1_237' title='bbox 383 1591 507 1621; x_wconf 85' lang='lat' dir='ltr'>Excidit</span> <span class='ocrx_word' id='word_1_238' title='bbox 527 1593 609 1620; x_wconf 89' lang='lat' dir='ltr'>enim</span> <span class='ocrx_word' id='word_1_239' title='bbox 632 1592 731 1629; x_wconf 88' lang='lat' dir='ltr'>ipsum</span> <span class='ocrx_word' id='word_1_240' title='bbox 749 1592 855 1620; x_wconf 83' lang='lat' dir='ltr'>solium</span> <span class='ocrx_word' id='word_1_241' title='bbox 870 1593 1021 1630; x_wconf 87' lang='lat' dir='ltr'>primum,</span> <span class='ocrx_word' id='word_1_242' title='bbox 1045 1593 1087 1620; x_wconf 84' lang='lat' dir='ltr'>ita</span> <span class='ocrx_word' id='word_1_243' title='bbox 1108 1598 1142 1621; x_wconf 91' lang='lat' dir='ltr'>ut</span> 
     </span>
     <span class='ocr_line' id='line_1_31' title="bbox 102 1631 1141 1674; baseline 0 -11"><span class='ocrx_word' id='word_1_244' title='bbox 102 1634 186 1674; x_wconf 91' lang='lat' dir='ltr'>quod</span> <span class='ocrx_word' id='word_1_245' title='bbox 200 1645 283 1663; x_wconf 88' lang='lat' dir='ltr'>nunc</span> <span class='ocrx_word' id='word_1_246' title='bbox 299 1636 431 1673; x_wconf 89' lang='lat' dir='ltr'>primum</span> <span class='ocrx_word' id='word_1_247' title='bbox 454 1638 497 1662; x_wconf 87' lang='lat' dir='ltr'>est</span> <span class='ocrx_word' id='word_1_248' title='bbox 520 1633 644 1670; x_wconf 80' lang='lat' dir='ltr'>incipiat</span> <span class='ocrx_word' id='word_1_249' title='bbox 666 1643 683 1660; x_wconf 89' lang='lat' dir='ltr'>a</span> <span class='ocrx_word' id='word_1_250' title='bbox 707 1631 775 1662; x_wconf 89' lang='lat' dir='ltr'>Sur.</span> <span class='ocrx_word' id='word_1_251' title='bbox 794 1636 812 1661; x_wconf 82' lang='lat'><strong>2</strong></span> <span class='ocrx_word' id='word_1_252' title='bbox 834 1644 908 1662; x_wconf 84' lang='lat' dir='ltr'>vers.</span> <span class='ocrx_word' id='word_1_253' title='bbox 927 1637 980 1669; x_wconf 80' lang='lat'>123</span> <span class='ocrx_word' id='word_1_254' title='bbox 1001 1640 1068 1672; x_wconf 90' lang='lat' dir='ltr'>post</span> <span class='ocrx_word' id='word_1_255' title='bbox 1082 1633 1141 1663; x_wconf 94' lang='lat' dir='ltr'>hoc</span> 
     </span>
     <span class='ocr_line' id='line_1_32' title="bbox 100 1674 1139 1715; baseline 0.001 -11"><span class='ocrx_word' id='word_1_256' title='bbox 100 1681 203 1704; x_wconf 83' lang='lat' dir='ltr'>nutem</span> <span class='ocrx_word' id='word_1_257' title='bbox 219 1678 328 1705; x_wconf 86' lang='lat' dir='ltr'>iterum</span> <span class='ocrx_word' id='word_1_258' title='bbox 349 1675 463 1715; x_wconf 87' lang='lat' dir='ltr'>aliquid</span> <span class='ocrx_word' id='word_1_259' title='bbox 481 1674 612 1710; x_wconf 87' lang='lat' dir='ltr'>excidit,</span> <span class='ocrx_word' id='word_1_260' title='bbox 636 1675 676 1702; x_wconf 83' lang='lat' dir='ltr'>ita</span> <span class='ocrx_word' id='word_1_261' title='bbox 694 1679 745 1709; x_wconf 85' lang='lat' dir='ltr'>ut,</span> <span class='ocrx_word' id='word_1_262' title='bbox 769 1685 864 1715; x_wconf 89' lang='lat' dir='ltr'>quum</span> <span class='ocrx_word' id='word_1_263' title='bbox 879 1677 975 1713; x_wconf 89' lang='lat' dir='ltr'>ipsum</span> <span class='ocrx_word' id='word_1_264' title='bbox 988 1677 1021 1704; x_wconf 87' lang='lat' dir='ltr'>in</span> <span class='ocrx_word' id='word_1_265' title='bbox 1039 1675 1107 1705; x_wconf 89' lang='lat' dir='ltr'>Sur.</span> <span class='ocrx_word' id='word_1_266' title='bbox 1122 1679 1139 1705; x_wconf 89' lang='lat'><strong>2</strong></span> 
     </span>
     <span class='ocr_line' id='line_1_33' title="bbox 101 1715 1140 1756; baseline 0.001 -10"><span class='ocrx_word' id='word_1_267' title='bbox 101 1728 177 1746; x_wconf 87' lang='lat' dir='ltr'>vers.</span> <span class='ocrx_word' id='word_1_268' title='bbox 192 1721 232 1747; x_wconf 82' lang='lat'>26</span> <span class='ocrx_word' id='word_1_269' title='bbox 253 1723 354 1752; x_wconf 76' lang='lat' dir='ltr'>exeat,</span> <span class='ocrx_word' id='word_1_270' title='bbox 376 1718 429 1746; x_wconf 83' lang='lat' dir='ltr'>fol.</span> <span class='ocrx_word' id='word_1_271' title='bbox 449 1720 466 1746; x_wconf 87' lang='lat'><strong>3</strong></span> <span class='ocrx_word' id='word_1_272' title='bbox 486 1718 521 1745; x_wconf 85' lang='lat' dir='ltr'>ab</span> <span class='ocrx_word' id='word_1_273' title='bbox 545 1715 677 1752; x_wconf 81' lang='lat' dir='ltr'>ejusdem</span> <span class='ocrx_word' id='word_1_274' title='bbox 700 1723 817 1745; x_wconf 86' lang='lat' dir='ltr'>suratae</span> <span class='ocrx_word' id='word_1_275' title='bbox 840 1728 915 1746; x_wconf 83' lang='lat' dir='ltr'>vers.</span> <span class='ocrx_word' id='word_1_276' title='bbox 933 1718 973 1745; x_wconf 83' lang='lat'>44</span> <span class='ocrx_word' id='word_1_277' title='bbox 997 1719 1140 1756; x_wconf 82' lang='lat' dir='ltr'>incipiat3</span> 
     </span>
     <span class='ocr_line' id='line_1_34' title="bbox 104 1757 1140 1798; baseline -0.001 -9"><span class='ocrx_word' id='word_1_278' title='bbox 104 1760 178 1789; x_wconf 84' lang='lat' dir='ltr'>item</span> <span class='ocrx_word' id='word_1_279' title='bbox 195 1765 259 1798; x_wconf 84' lang='lat' dir='ltr'>post</span> <span class='ocrx_word' id='word_1_280' title='bbox 278 1760 329 1788; x_wconf 80' lang='lat' dir='ltr'>fol.</span> <span class='ocrx_word' id='word_1_281' title='bbox 345 1762 362 1788; x_wconf 94' lang='grc'><strong>5</strong></span> <span class='ocrx_word' id='word_1_282' title='bbox 375 1781 383 1795; x_wconf 86' lang='grc'><em>,</em></span> <span class='ocrx_word' id='word_1_283' title='bbox 407 1761 447 1787; x_wconf 85' lang='lat' dir='ltr'>ita</span> <span class='ocrx_word' id='word_1_284' title='bbox 466 1765 497 1787; x_wconf 89' lang='lat' dir='ltr'>ut</span> <span class='ocrx_word' id='word_1_285' title='bbox 513 1758 569 1786; x_wconf 85' lang='lat' dir='ltr'>hoc</span> <span class='ocrx_word' id='word_1_286' title='bbox 584 1758 704 1797; x_wconf 89' lang='lat' dir='ltr'>quidem</span> <span class='ocrx_word' id='word_1_287' title='bbox 722 1760 753 1786; x_wconf 91' lang='lat' dir='ltr'>in</span> <span class='ocrx_word' id='word_1_288' title='bbox 767 1757 832 1787; x_wconf 90' lang='lat' dir='ltr'>Sur.</span> <span class='ocrx_word' id='word_1_289' title='bbox 849 1763 868 1788; x_wconf 87' lang='lat'><strong>2</strong></span> <span class='ocrx_word' id='word_1_290' title='bbox 893 1770 966 1788; x_wconf 83' lang='lat' dir='ltr'>vers.</span> <span class='ocrx_word' id='word_1_291' title='bbox 982 1762 1022 1789; x_wconf 87' lang='lat'>87</span> <span class='ocrx_word' id='word_1_292' title='bbox 1044 1766 1140 1796; x_wconf 81' lang='lat' dir='ltr'>exeat,</span> 
     </span>
     <span class='ocr_line' id='line_1_35' title="bbox 101 1800 1142 1840; baseline 0.001 -10"><span class='ocrx_word' id='word_1_293' title='bbox 101 1802 155 1830; x_wconf 80' lang='lat' dir='ltr'><strong>fol.</strong></span> <span class='ocrx_word' id='word_1_294' title='bbox 176 1804 193 1828; x_wconf 80' lang='grc'><strong>6</strong></span> <span class='ocrx_word' id='word_1_295' title='bbox 218 1807 319 1830; x_wconf 83' lang='lat' dir='ltr'>autem</span> <span class='ocrx_word' id='word_1_296' title='bbox 347 1802 383 1829; x_wconf 86' lang='lat' dir='ltr'>ab</span> <span class='ocrx_word' id='word_1_297' title='bbox 411 1800 542 1837; x_wconf 76' lang='lat' dir='ltr'>ejusdem</span> <span class='ocrx_word' id='word_1_298' title='bbox 565 1807 683 1828; x_wconf 82' lang='lat' dir='ltr'>suratae</span> <span class='ocrx_word' id='word_1_299' title='bbox 706 1811 781 1830; x_wconf 84' lang='lat' dir='ltr'>vers.</span> <span class='ocrx_word' id='word_1_300' title='bbox 808 1804 866 1830; x_wconf 88' lang='lat'>160</span> <span class='ocrx_word' id='word_1_301' title='bbox 886 1802 1020 1840; x_wconf 83' lang='lat' dir='ltr'>incipiat.</span> <span class='ocrx_word' id='word_1_302' title='bbox 1071 1801 1142 1831; x_wconf 88' lang='lat' dir='ltr'>Post</span> 
     </span>
     <span class='ocr_line' id='line_1_36' title="bbox 100 1841 1142 1879; baseline 0 -7"><span class='ocrx_word' id='word_1_303' title='bbox 100 1844 153 1872; x_wconf 85' lang='lat' dir='ltr'>fol.</span> <span class='ocrx_word' id='word_1_304' title='bbox 172 1846 231 1872; x_wconf 88' lang='lat'>112</span> <span class='ocrx_word' id='word_1_305' title='bbox 252 1844 342 1871; x_wconf 88' lang='lat' dir='ltr'>recisa</span> <span class='ocrx_word' id='word_1_306' title='bbox 368 1849 438 1872; x_wconf 88' lang='lat' dir='ltr'>sunt</span> <span class='ocrx_word' id='word_1_307' title='bbox 461 1841 532 1870; x_wconf 76' lang='lat' dir='ltr'>folia</span> <span class='ocrx_word' id='word_1_308' title='bbox 554 1842 606 1879; x_wconf 80' lang='lat'>143</span> <span class='ocrx_word' id='word_1_309' title='bbox 633 1843 759 1871; x_wconf 79' lang='lat' dir='ltr'>laciniae</span> <span class='ocrx_word' id='word_1_310' title='bbox 777 1843 857 1871; x_wconf 86' lang='lat' dir='ltr'>enim</span> <span class='ocrx_word' id='word_1_311' title='bbox 879 1854 1041 1872; x_wconf 84' lang='lat' dir='ltr'>numerum</span> <span class='ocrx_word' id='word_1_312' title='bbox 1062 1844 1142 1872; x_wconf 83' lang='lat' dir='ltr'>iudi-</span> 
     </span>
    </p>
   </div>
   <div class='ocr_carea' id='block_1_12' title="bbox 101 1883 1141 1999">
    <p class='ocr_par' dir='ltr' id='par_1_12' title="bbox 101 1883 1141 1999">
     <span class='ocr_line' id='line_1_37' title="bbox 101 1883 1141 1923; baseline 0.001 -9"><span class='ocrx_word' id='word_1_313' title='bbox 101 1891 182 1914; x_wconf 85' lang='lat' dir='ltr'>cant.</span> <span class='ocrx_word' id='word_1_314' title='bbox 226 1884 306 1913; x_wconf 88' lang='lat' dir='ltr'>Hinc</span> <span class='ocrx_word' id='word_1_315' title='bbox 324 1886 378 1914; x_wconf 88' lang='lat' dir='ltr'>fol.</span> <span class='ocrx_word' id='word_1_316' title='bbox 401 1889 457 1914; x_wconf 74' lang='lat'>112</span> <span class='ocrx_word' id='word_1_317' title='bbox 481 1886 512 1912; x_wconf 91' lang='lat' dir='ltr'>in</span> <span class='ocrx_word' id='word_1_318' title='bbox 537 1883 604 1913; x_wconf 89' lang='lat' dir='ltr'>Sur.</span> <span class='ocrx_word' id='word_1_319' title='bbox 624 1887 662 1912; x_wconf 85' lang='grc'><strong>14</strong></span> <span class='ocrx_word' id='word_1_320' title='bbox 686 1896 762 1914; x_wconf 83' lang='lat' dir='ltr'>vers.</span> <span class='ocrx_word' id='word_1_321' title='bbox 781 1886 798 1913; x_wconf 89' lang='grc'><strong>4</strong></span> <span class='ocrx_word' id='word_1_322' title='bbox 821 1885 936 1923; x_wconf 84' lang='lat' dir='ltr'>deficit,</span> <span class='ocrx_word' id='word_1_323' title='bbox 963 1889 1021 1914; x_wconf 85' lang='grc'>113</span> <span class='ocrx_word' id='word_1_324' title='bbox 1039 1897 1054 1914; x_wconf 86' lang='lat' dir='ltr'>a</span> <span class='ocrx_word' id='word_1_325' title='bbox 1071 1885 1141 1916; x_wconf 83' lang='lat' dir='ltr'>Sur.</span> 
     </span>
     <span class='ocr_line' id='line_1_38' title="bbox 104 1925 1140 1966; baseline 0.003 -11"><span class='ocrx_word' id='word_1_326' title='bbox 104 1930 143 1956; x_wconf 90' lang='lat'>17</span> <span class='ocrx_word' id='word_1_327' title='bbox 169 1938 242 1956; x_wconf 84' lang='lat' dir='ltr'>vers.</span> <span class='ocrx_word' id='word_1_328' title='bbox 261 1930 320 1956; x_wconf 80' lang='lat'>106</span> <span class='ocrx_word' id='word_1_329' title='bbox 344 1929 458 1966; x_wconf 86' lang='lat' dir='ltr'>incipit.</span> <span class='ocrx_word' id='word_1_330' title='bbox 510 1925 659 1956; x_wconf 84' lang='lat' dir='ltr'>Ultimum</span> <span class='ocrx_word' id='word_1_331' title='bbox 684 1927 790 1956; x_wconf 84' lang='lat' dir='ltr'>folium</span> <span class='ocrx_word' id='word_1_332' title='bbox 814 1927 914 1957; x_wconf 79' lang='lat' dir='ltr'>deficit</span> <span class='ocrx_word' id='word_1_333' title='bbox 942 1928 972 1956; x_wconf 89' lang='lat' dir='ltr'>in</span> <span class='ocrx_word' id='word_1_334' title='bbox 1004 1926 1071 1957; x_wconf 92' lang='lat' dir='ltr'>Sur.</span> <span class='ocrx_word' id='word_1_335' title='bbox 1101 1931 1140 1958; x_wconf 97' lang='lat'>85</span> 
     </span>
     <span class='ocr_line' id='line_1_39' title="bbox 101 1972 250 1999; baseline 0 -2"><span class='ocrx_word' id='word_1_336' title='bbox 101 1980 177 1998; x_wconf 82' lang='lat' dir='ltr'>vers.</span> <span class='ocrx_word' id='word_1_337' title='bbox 201 1972 250 1999; x_wconf 86' lang='lat'>12.</span> 
     </span>
    </p>
   </div>
   <div class='ocr_carea' id='block_1_13' title="bbox 516 2046 724 2137">
    <p class='ocr_par' dir='ltr' id='par_1_13' title="bbox 516 2046 724 2137">
     <span class='ocr_line' id='line_1_40' title="bbox 571 2046 669 2081; baseline -0.031 0"><span class='ocrx_word' id='word_1_338' title='bbox 571 2046 669 2081; x_wconf 87' lang='lat' dir='ltr'><strong>LIII.</strong></span> 
     </span>
     <span class='ocr_line' id='line_1_41' title="bbox 516 2104 724 2137; baseline -0.005 -8"><span class='ocrx_word' id='word_1_339' title='bbox 516 2104 578 2134; x_wconf 75' lang='lat' dir='ltr'>[Ac.</span> <span class='ocrx_word' id='word_1_340' title='bbox 600 2104 631 2128; x_wconf 72' lang='grc' dir='ltr'>Η.</span> <span class='ocrx_word' id='word_1_341' title='bbox 651 2105 724 2137; x_wconf 60' lang='lat'>202]</span> 
     </span>
    </p>
   </div>
   <div class='ocr_carea' id='block_1_14' title="bbox 103 2156 1144 2746">
    <p class='ocr_par' dir='ltr' id='par_1_14' title="bbox 103 2156 1144 2746">
     <span class='ocr_line' id='line_1_42' title="bbox 189 2156 1140 2197; baseline 0 -10"><span class='ocrx_word' id='word_1_342' title='bbox 189 2156 339 2195; x_wconf 83' lang='lat' dir='ltr'>Coranus,</span> <span class='ocrx_word' id='word_1_343' title='bbox 363 2161 510 2195; x_wconf 82' lang='lat' dir='ltr'>8⁰1nax.‚</span> <span class='ocrx_word' id='word_1_344' title='bbox 536 2159 599 2187; x_wconf 79' lang='lat' dir='ltr'>foll.</span> <span class='ocrx_word' id='word_1_345' title='bbox 620 2161 697 2194; x_wconf 78' lang='lat'><strong>252,</strong></span> <span class='ocrx_word' id='word_1_346' title='bbox 719 2160 844 2197; x_wconf 84' lang='lat' dir='ltr'>scriptus</span> <span class='ocrx_word' id='word_1_347' title='bbox 861 2158 942 2188; x_wconf 83' lang='lat' dir='ltr'>char.</span> <span class='ocrx_word' id='word_1_348' title='bbox 967 2158 1071 2188; x_wconf 89' lang='lat' dir='ltr'>neschi</span> <span class='ocrx_word' id='word_1_349' title='bbox 1090 2170 1140 2188; x_wconf 91' lang='lat' dir='ltr'>ro-</span> 
     </span>
     <span class='ocr_line' id='line_1_43' title="bbox 104 2198 1139 2240; baseline 0.002 -12"><span class='ocrx_word' id='word_1_350' title='bbox 104 2200 190 2229; x_wconf 84' lang='lat' dir='ltr'>busto</span> <span class='ocrx_word' id='word_1_351' title='bbox 212 2207 242 2230; x_wconf 89' lang='lat' dir='ltr'>et</span> <span class='ocrx_word' id='word_1_352' title='bbox 258 2201 451 2230; x_wconf 84' lang='lat' dir='ltr'>mediocriter</span> <span class='ocrx_word' id='word_1_353' title='bbox 470 2202 614 2239; x_wconf 78' lang='lat' dir='ltr'>eleganti,</span> <span class='ocrx_word' id='word_1_354' title='bbox 638 2198 738 2229; x_wconf 72' lang='lat' dir='ltr'>‘limbis</span> <span class='ocrx_word' id='word_1_355' title='bbox 761 2207 790 2229; x_wconf 87' lang='lat' dir='ltr'>et</span> <span class='ocrx_word' id='word_1_356' title='bbox 813 2202 945 2240; x_wconf 85' lang='lat' dir='ltr'>capitum</span> <span class='ocrx_word' id='word_1_357' title='bbox 965 2202 1139 2240; x_wconf 86' lang='lat' dir='ltr'>inscriptio-</span> 
     </span>
     <span class='ocr_line' id='line_1_44' title="bbox 103 2243 1138 2282; baseline 0.004 -13"><span class='ocrx_word' id='word_1_358' title='bbox 103 2243 191 2271; x_wconf 87' lang='lat' dir='ltr'>nibus</span> <span class='ocrx_word' id='word_1_359' title='bbox 218 2249 248 2272; x_wconf 89' lang='lat' dir='ltr'>et</span> <span class='ocrx_word' id='word_1_360' title='bbox 276 2245 397 2282; x_wconf 88' lang='lat' dir='ltr'>punctis</span> <span class='ocrx_word' id='word_1_361' title='bbox 420 2245 500 2272; x_wconf 86' lang='lat' dir='ltr'>inter</span> <span class='ocrx_word' id='word_1_362' title='bbox 531 2243 692 2271; x_wconf 83' lang='lat' dir='ltr'>versiculos</span> <span class='ocrx_word' id='word_1_363' title='bbox 718 2244 829 2280; x_wconf 89' lang='lat' dir='ltr'>rubris,</span> <span class='ocrx_word' id='word_1_364' title='bbox 863 2254 1022 2282; x_wconf 85' lang='lat' dir='ltr'>pausarum</span> <span class='ocrx_word' id='word_1_365' title='bbox 1049 2245 1138 2282; x_wconf 74' lang='lat' dir='ltr'>signis</span> 
     </span>
     <span class='ocr_line' id='line_1_45' title="bbox 103 2284 1139 2320; baseline 0.002 -8"><span class='ocrx_word' id='word_1_366' title='bbox 103 2284 212 2320; x_wconf 82' lang='lat' dir='ltr'>nullis,</span> <span class='ocrx_word' id='word_1_367' title='bbox 234 2295 297 2313; x_wconf 91' lang='lat' dir='ltr'>non</span> <span class='ocrx_word' id='word_1_368' title='bbox 315 2285 478 2314; x_wconf 84' lang='lat' dir='ltr'>admodum</span> <span class='ocrx_word' id='word_1_369' title='bbox 500 2284 612 2313; x_wconf 85' lang='lat' dir='ltr'>munde</span> <span class='ocrx_word' id='word_1_370' title='bbox 636 2284 754 2313; x_wconf 84' lang='lat' dir='ltr'>habitus</span> <span class='ocrx_word' id='word_1_371' title='bbox 776 2291 806 2313; x_wconf 89' lang='lat' dir='ltr'>et</span> <span class='ocrx_word' id='word_1_372' title='bbox 826 2295 928 2314; x_wconf 87' lang='lat' dir='ltr'>versus</span> <span class='ocrx_word' id='word_1_373' title='bbox 949 2287 1039 2314; x_wconf 88' lang='lat' dir='ltr'>finem</span> <span class='ocrx_word' id='word_1_374' title='bbox 1060 2287 1139 2315; x_wconf 88' lang='lat' dir='ltr'>lacer</span> 
     </span>
     <span class='ocr_line' id='line_1_46' title="bbox 105 2326 1137 2357; baseline 0.004 -4"><span class='ocrx_word' id='word_1_375' title='bbox 105 2329 136 2353; x_wconf 84' lang='lat' dir='ltr'>et</span> <span class='ocrx_word' id='word_1_376' title='bbox 150 2332 286 2356; x_wconf 86' lang='lat' dir='ltr'>resartus.</span> <span class='ocrx_word' id='word_1_377' title='bbox 329 2326 458 2356; x_wconf 84' lang='lat' dir='ltr'>Hiscunt</span> <span class='ocrx_word' id='word_1_378' title='bbox 476 2327 564 2355; x_wconf 87' lang='lat' dir='ltr'>haec:</span> <span class='ocrx_word' id='word_1_379' title='bbox 591 2327 646 2355; x_wconf 82' lang='lat' dir='ltr'>fol.</span> <span class='ocrx_word' id='word_1_380' title='bbox 667 2329 725 2355; x_wconf 88' lang='lat'>188</span> <span class='ocrx_word' id='word_1_381' title='bbox 744 2327 842 2355; x_wconf 83' lang='lat' dir='ltr'>deficit</span> <span class='ocrx_word' id='word_1_382' title='bbox 863 2329 893 2355; x_wconf 92' lang='lat' dir='ltr'>in</span> <span class='ocrx_word' id='word_1_383' title='bbox 913 2326 981 2356; x_wconf 88' lang='lat' dir='ltr'>Sur.</span> <span class='ocrx_word' id='word_1_384' title='bbox 998 2330 1038 2356; x_wconf 85' lang='lat'>27</span> <span class='ocrx_word' id='word_1_385' title='bbox 1060 2338 1137 2357; x_wconf 88' lang='lat' dir='ltr'>vers.</span> 
     </span>
     <span class='ocr_line' id='line_1_47' title="bbox 105 2368 1139 2408; baseline 0.003 -13"><span class='ocrx_word' id='word_1_386' title='bbox 105 2368 161 2403; x_wconf 82' lang='lat'>3⁵,</span> <span class='ocrx_word' id='word_1_387' title='bbox 185 2371 243 2397; x_wconf 81' lang='grc'>189</span> <span class='ocrx_word' id='word_1_388' title='bbox 259 2370 366 2408; x_wconf 88' lang='lat' dir='ltr'>incipit</span> <span class='ocrx_word' id='word_1_389' title='bbox 381 2371 417 2398; x_wconf 90' lang='lat' dir='ltr'>ab</span> <span class='ocrx_word' id='word_1_390' title='bbox 433 2369 566 2407; x_wconf 87' lang='lat' dir='ltr'>ejusdem</span> <span class='ocrx_word' id='word_1_391' title='bbox 583 2372 699 2397; x_wconf 87' lang='lat' dir='ltr'>suratae</span> <span class='ocrx_word' id='word_1_392' title='bbox 717 2379 790 2397; x_wconf 80' lang='lat' dir='ltr'>vers.</span> <span class='ocrx_word' id='word_1_393' title='bbox 807 2371 864 2405; x_wconf 81' lang='lat'>573</span> <span class='ocrx_word' id='word_1_394' title='bbox 883 2386 921 2390; x_wconf 96' lang='lat'><strong>—</strong></span> <span class='ocrx_word' id='word_1_395' title='bbox 938 2370 990 2398; x_wconf 73' lang='lat' dir='ltr'>fot.</span> <span class='ocrx_word' id='word_1_396' title='bbox 1007 2372 1068 2398; x_wconf 88' lang='grc'><strong>207</strong></span> <span class='ocrx_word' id='word_1_397' title='bbox 1085 2370 1139 2398; x_wconf 88' lang='lat' dir='ltr'>de-</span> 
     </span>
     <span class='ocr_line' id='line_1_48' title="bbox 104 2408 1138 2449; baseline 0.004 -13"><span class='ocrx_word' id='word_1_398' title='bbox 104 2409 166 2438; x_wconf 86' lang='lat' dir='ltr'>ficit</span> <span class='ocrx_word' id='word_1_399' title='bbox 180 2410 212 2437; x_wconf 87' lang='lat' dir='ltr'>in</span> <span class='ocrx_word' id='word_1_400' title='bbox 228 2408 297 2440; x_wconf 89' lang='lat' dir='ltr'>Sur.</span> <span class='ocrx_word' id='word_1_401' title='bbox 315 2415 353 2440; x_wconf 84' lang='grc'>33</span> <span class='ocrx_word' id='word_1_402' title='bbox 370 2422 447 2440; x_wconf 83' lang='lat' dir='ltr'>vers.</span> <span class='ocrx_word' id='word_1_403' title='bbox 467 2414 520 2446; x_wconf 81' lang='lat'>¹5,</span> <span class='ocrx_word' id='word_1_404' title='bbox 542 2414 602 2439; x_wconf 84' lang='lat'>208</span> <span class='ocrx_word' id='word_1_405' title='bbox 620 2411 726 2449; x_wconf 86' lang='lat' dir='ltr'>incipit</span> <span class='ocrx_word' id='word_1_406' title='bbox 745 2421 761 2439; x_wconf 88' lang='lat' dir='ltr'>a</span> <span class='ocrx_word' id='word_1_407' title='bbox 779 2409 848 2440; x_wconf 85' lang='lat' dir='ltr'>Sur.</span> <span class='ocrx_word' id='word_1_408' title='bbox 865 2411 905 2440; x_wconf 84' lang='lat'>45</span> <span class='ocrx_word' id='word_1_409' title='bbox 925 2421 1000 2440; x_wconf 83' lang='lat' dir='ltr'>vers.</span> <span class='ocrx_word' id='word_1_410' title='bbox 1023 2413 1078 2449; x_wconf 82' lang='lat'>173</span> <span class='ocrx_word' id='word_1_411' title='bbox 1097 2428 1138 2433; x_wconf 90' lang='lat'><strong>—</strong></span> 
     </span>
     <span class='ocr_line' id='line_1_49' title="bbox 104 2451 1139 2492; baseline 0.003 -13"><span class='ocrx_word' id='word_1_412' title='bbox 104 2451 158 2480; x_wconf 80' lang='lat' dir='ltr'>fol.</span> <span class='ocrx_word' id='word_1_413' title='bbox 176 2454 236 2482; x_wconf 86' lang='lat'>227</span> <span class='ocrx_word' id='word_1_414' title='bbox 258 2452 355 2482; x_wconf 86' lang='lat' dir='ltr'>deficit</span> <span class='ocrx_word' id='word_1_415' title='bbox 375 2455 406 2483; x_wconf 90' lang='lat' dir='ltr'>in</span> <span class='ocrx_word' id='word_1_416' title='bbox 427 2453 495 2482; x_wconf 84' lang='lat' dir='ltr'>Sur.</span> <span class='ocrx_word' id='word_1_417' title='bbox 520 2456 559 2482; x_wconf 86' lang='lat'>57</span> <span class='ocrx_word' id='word_1_418' title='bbox 582 2463 654 2482; x_wconf 43' lang='lat' dir='ltr'>vers.</span> <span class='ocrx_word' id='word_1_419' title='bbox 674 2456 730 2490; x_wconf 83' lang='lat'>18,</span> <span class='ocrx_word' id='word_1_420' title='bbox 761 2455 821 2482; x_wconf 83' lang='lat'>228</span> <span class='ocrx_word' id='word_1_421' title='bbox 847 2454 954 2492; x_wconf 87' lang='lat' dir='ltr'>incipit</span> <span class='ocrx_word' id='word_1_422' title='bbox 976 2454 1011 2481; x_wconf 79' lang='lat' dir='ltr'>ab</span> <span class='ocrx_word' id='word_1_423' title='bbox 1033 2454 1139 2482; x_wconf 82' lang='lat' dir='ltr'>inscri-</span> 
     </span>
     <span class='ocr_line' id='line_1_50' title="bbox 105 2492 1138 2533; baseline 0.006 -13"><span class='ocrx_word' id='word_1_424' title='bbox 105 2493 207 2531; x_wconf 83' lang='lat' dir='ltr'>ptione</span> <span class='ocrx_word' id='word_1_425' title='bbox 226 2492 294 2523; x_wconf 89' lang='lat' dir='ltr'>Sur.</span> <span class='ocrx_word' id='word_1_426' title='bbox 313 2497 367 2533; x_wconf 83' lang='lat'>583</span> <span class='ocrx_word' id='word_1_427' title='bbox 388 2514 429 2518; x_wconf 93' lang='lat'>--</span> <span class='ocrx_word' id='word_1_428' title='bbox 454 2497 506 2524; x_wconf 85' lang='lat' dir='ltr'>fol.</span> <span class='ocrx_word' id='word_1_429' title='bbox 525 2495 586 2524; x_wconf 83' lang='lat'>234</span> <span class='ocrx_word' id='word_1_430' title='bbox 602 2494 699 2523; x_wconf 85' lang='lat' dir='ltr'>deficit</span> <span class='ocrx_word' id='word_1_431' title='bbox 716 2497 747 2523; x_wconf 89' lang='lat' dir='ltr'>in</span> <span class='ocrx_word' id='word_1_432' title='bbox 763 2496 893 2523; x_wconf 80' lang='lat' dir='ltr'>besmela</span> <span class='ocrx_word' id='word_1_433' title='bbox 909 2494 978 2525; x_wconf 89' lang='lat' dir='ltr'>Sur.</span> <span class='ocrx_word' id='word_1_434' title='bbox 997 2497 1053 2532; x_wconf 85' lang='lat'>64,</span> <span class='ocrx_word' id='word_1_435' title='bbox 1078 2499 1138 2526; x_wconf 84' lang='lat'>235</span> 
     </span>
     <span class='ocr_line' id='line_1_51' title="bbox 104 2534 1140 2573; baseline 0.004 -11"><span class='ocrx_word' id='word_1_436' title='bbox 104 2534 210 2573; x_wconf 86' lang='lat' dir='ltr'>incipit</span> <span class='ocrx_word' id='word_1_437' title='bbox 237 2545 254 2564; x_wconf 85' lang='lat' dir='ltr'>a</span> <span class='ocrx_word' id='word_1_438' title='bbox 277 2534 347 2566; x_wconf 87' lang='lat' dir='ltr'>Sur.</span> <span class='ocrx_word' id='word_1_439' title='bbox 369 2541 408 2568; x_wconf 84' lang='grc'>67</span> <span class='ocrx_word' id='word_1_440' title='bbox 429 2549 505 2567; x_wconf 87' lang='lat' dir='ltr'>vers.</span> <span class='ocrx_word' id='word_1_441' title='bbox 531 2540 587 2573; x_wconf 88' lang='grc'>27;</span> <span class='ocrx_word' id='word_1_442' title='bbox 614 2552 656 2559; x_wconf 92' lang='lat'>—</span> <span class='ocrx_word' id='word_1_443' title='bbox 678 2538 733 2566; x_wconf 83' lang='lat' dir='ltr'>fol.</span> <span class='ocrx_word' id='word_1_444' title='bbox 754 2538 814 2566; x_wconf 82' lang='lat'>240</span> <span class='ocrx_word' id='word_1_445' title='bbox 840 2537 939 2566; x_wconf 82' lang='lat' dir='ltr'>deficit</span> <span class='ocrx_word' id='word_1_446' title='bbox 959 2539 989 2565; x_wconf 93' lang='lat' dir='ltr'>in</span> <span class='ocrx_word' id='word_1_447' title='bbox 1013 2535 1080 2566; x_wconf 92' lang='lat' dir='ltr'>Sur.</span> <span class='ocrx_word' id='word_1_448' title='bbox 1099 2539 1140 2568; x_wconf 90' lang='grc'>74</span> 
     </span>
     <span class='ocr_line' id='line_1_52' title="bbox 104 2578 1142 2619; baseline 0.005 -15"><span class='ocrx_word' id='word_1_449' title='bbox 104 2586 180 2606; x_wconf 78' lang='lat' dir='ltr'>vers.</span> <span class='ocrx_word' id='word_1_450' title='bbox 197 2580 252 2612; x_wconf 90' lang='lat'>17,</span> <span class='ocrx_word' id='word_1_451' title='bbox 278 2579 336 2607; x_wconf 83' lang='lat'>241</span> <span class='ocrx_word' id='word_1_452' title='bbox 362 2581 467 2619; x_wconf 89' lang='lat' dir='ltr'>incipit</span> <span class='ocrx_word' id='word_1_453' title='bbox 489 2591 505 2608; x_wconf 89' lang='lat' dir='ltr'>a</span> <span class='ocrx_word' id='word_1_454' title='bbox 523 2578 590 2609; x_wconf 85' lang='lat' dir='ltr'>Sur.</span> <span class='ocrx_word' id='word_1_455' title='bbox 606 2582 647 2609; x_wconf 84' lang='lat'>79</span> <span class='ocrx_word' id='word_1_456' title='bbox 670 2590 744 2608; x_wconf 87' lang='lat' dir='ltr'>vers.</span> <span class='ocrx_word' id='word_1_457' title='bbox 764 2583 815 2608; x_wconf 71' lang='lat'>29.</span> <span class='ocrx_word' id='word_1_458' title='bbox 859 2578 926 2618; x_wconf 83' lang='lat' dir='ltr'>Ipsa</span> <span class='ocrx_word' id='word_1_459' title='bbox 946 2581 1039 2608; x_wconf 83' lang='lat' dir='ltr'>oratio</span> <span class='ocrx_word' id='word_1_460' title='bbox 1060 2590 1142 2609; x_wconf 87' lang='lat' dir='ltr'>cora-</span> 
     </span>
     <span class='ocr_line' id='line_1_53' title="bbox 105 2618 1141 2661; baseline 0.006 -16"><span class='ocrx_word' id='word_1_461' title='bbox 105 2619 174 2647; x_wconf 86' lang='lat' dir='ltr'>nica</span> <span class='ocrx_word' id='word_1_462' title='bbox 205 2618 315 2649; x_wconf 83' lang='lat' dir='ltr'>desinit</span> <span class='ocrx_word' id='word_1_463' title='bbox 338 2622 390 2651; x_wconf 84' lang='lat' dir='ltr'><strong>fol.</strong></span> <span class='ocrx_word' id='word_1_464' title='bbox 421 2623 481 2652; x_wconf 80' lang='grc'>249</span> <span class='ocrx_word' id='word_1_465' title='bbox 505 2633 532 2650; x_wconf 68' lang='lat' dir='ltr'>v⁴</span> <span class='ocrx_word' id='word_1_466' title='bbox 594 2620 738 2661; x_wconf 85' lang='lat' dir='ltr'>Sequitur</span> <span class='ocrx_word' id='word_1_467' title='bbox 766 2621 818 2649; x_wconf 83' lang='lat' dir='ltr'>fol.</span> <span class='ocrx_word' id='word_1_468' title='bbox 847 2624 908 2650; x_wconf 89' lang='lat'>250</span> <span class='ocrx_word' id='word_1_469' title='bbox 930 2633 953 2650; x_wconf 88' lang='lat' dir='ltr'>r.</span> <span class='ocrx_word' id='word_1_470' title='bbox 975 2638 1016 2642; x_wconf 89' lang='lat'>——</span> <span class='ocrx_word' id='word_1_471' title='bbox 1035 2623 1095 2651; x_wconf 88' lang='grc'>252</span> <span class='ocrx_word' id='word_1_472' title='bbox 1117 2633 1141 2651; x_wconf 82' lang='grc' dir='ltr'>ι·.</span> 
     </span>
     <span class='ocr_line' id='line_1_54' title="bbox 104 2661 1144 2703; baseline 0.005 -15"><span class='ocrx_word' id='word_1_473' title='bbox 104 2661 253 2690; x_wconf 84' lang='lat' dir='ltr'>institutio</span> <span class='ocrx_word' id='word_1_474' title='bbox 266 2664 379 2693; x_wconf 83' lang='lat' dir='ltr'>turcica</span> <span class='ocrx_word' id='word_1_475' title='bbox 394 2664 431 2692; x_wconf 87' lang='lat' dir='ltr'>de</span> <span class='ocrx_word' id='word_1_476' title='bbox 447 2665 576 2692; x_wconf 86' lang='lat' dir='ltr'>lectione</span> <span class='ocrx_word' id='word_1_477' title='bbox 593 2665 682 2692; x_wconf 89' lang='lat' dir='ltr'>totius</span> <span class='ocrx_word' id='word_1_478' title='bbox 699 2662 808 2693; x_wconf 82' lang='lat' dir='ltr'>Coraui</span> <span class='ocrx_word' id='word_1_479' title='bbox 825 2673 944 2703; x_wconf 88' lang='lat' dir='ltr'>quoque</span> <span class='ocrx_word' id='word_1_480' title='bbox 960 2664 1144 2702; x_wconf 79' lang='lat' dir='ltr'>septimanae</span> 
     </span>
     <span class='ocr_line' id='line_1_55' title="bbox 105 2701 1144 2746; baseline 0.004 -15"><span class='ocrx_word' id='word_1_481' title='bbox 105 2701 153 2731; x_wconf 87' lang='lat' dir='ltr'>die</span> <span class='ocrx_word' id='word_1_482' title='bbox 163 2702 297 2741; x_wconf 84' lang='lat' dir='ltr'>legendis</span> <span class='ocrx_word' id='word_1_483' title='bbox 308 2705 482 2743; x_wconf 77' lang='lat' dir='ltr'>quibusdam</span> <span class='ocrx_word' id='word_1_484' title='bbox 492 2707 597 2734; x_wconf 79' lang='lat' dir='ltr'>sur-atis</span> <span class='ocrx_word' id='word_1_485' title='bbox 611 2705 859 2743; x_wconf 74' lang='lat' dir='ltr'>consummand33</span> <span class='ocrx_word' id='word_1_486' title='bbox 875 2707 923 2734; x_wconf 89' lang='lat' dir='ltr'>cui</span> <span class='ocrx_word' id='word_1_487' title='bbox 934 2706 1056 2735; x_wconf 86' lang='lat' dir='ltr'>lectioni</span> <span class='ocrx_word' id='word_1_488' title='bbox 1067 2716 1144 2746; x_wconf 82' lang='lat' dir='ltr'>quae</span> 
     </span>
    </p>
   </div>
   <div class='ocr_carea' id='block_1_15' title="bbox 1161 948 1169 1833">
    <p class='ocr_par' dir='ltr' id='par_1_15' title="bbox 1161 948 1169 1833">
     <span class='ocr_line' id='line_1_56' title="bbox 1161 948 1169 1833; baseline 0 0"><span class='ocrx_word' id='word_1_489' title='bbox 1161 948 1169 1833; x_wconf 95' lang='lat' dir='ltr'> </span> 
     </span>
    </p>
   </div>
   <div class='ocr_carea' id='block_1_16' title="bbox 1162 948 1169 2122">
    <p class='ocr_par' dir='ltr' id='par_1_16' title="bbox 1162 948 1169 2122">
     <span class='ocr_line' id='line_1_57' title="bbox 1162 948 1169 2122; baseline 0 0"><span class='ocrx_word' id='word_1_490' title='bbox 1162 948 1169 2122; x_wconf 95' lang='lat' dir='ltr'> </span> 
     </span>
    </p>
   </div>
   <div class='ocr_carea' id='block_1_17' title="bbox 1192 272 2236 405">
    <p class='ocr_par' dir='ltr' id='par_1_17' title="bbox 1192 272 2236 405">
     <span class='ocr_line' id='line_1_58' title="bbox 1194 272 2236 317; baseline 0.011 -18"><span class='ocrx_word' id='word_1_491' title='bbox 1194 272 1412 310; x_wconf 83' lang='lat' dir='ltr'>praemittenda</span> <span class='ocrx_word' id='word_1_492' title='bbox 1441 280 1469 302; x_wconf 84' lang='lat' dir='ltr'>et</span> <span class='ocrx_word' id='word_1_493' title='bbox 1491 285 1566 314; x_wconf 72' lang='lat' dir='ltr'>quae</span> <span class='ocrx_word' id='word_1_494' title='bbox 1587 275 1797 313; x_wconf 77' lang='lat' dir='ltr'>subjungenda</span> <span class='ocrx_word' id='word_1_495' title='bbox 1820 283 1862 305; x_wconf 86' lang='lat' dir='ltr'>est</span> <span class='ocrx_word' id='word_1_496' title='bbox 1887 279 2014 316; x_wconf 80' lang='lat' dir='ltr'>precatio</span> <span class='ocrx_word' id='word_1_497' title='bbox 2036 281 2170 317; x_wconf 72' lang='lat' dir='ltr'>arabica,</span> <span class='ocrx_word' id='word_1_498' title='bbox 2206 284 2236 311; x_wconf 91' lang='lat' dir='ltr'>in</span> 
     </span>
     <span class='ocr_line' id='line_1_59' title="bbox 1193 314 2235 355; baseline 0.011 -15"><span class='ocrx_word' id='word_1_499' title='bbox 1193 314 1252 341; x_wconf 85' lang='lat' dir='ltr'>fine</span> <span class='ocrx_word' id='word_1_500' title='bbox 1270 315 1381 351; x_wconf 73' lang='lat' dir='ltr'>positae</span> <span class='ocrx_word' id='word_1_501' title='bbox 1397 322 1477 344; x_wconf 85' lang='lat' dir='ltr'>sunt.</span> <span class='ocrx_word' id='word_1_502' title='bbox 1513 315 1646 355; x_wconf 83' lang='lat' dir='ltr'>Scriptus</span> <span class='ocrx_word' id='word_1_503' title='bbox 1664 324 1707 346; x_wconf 89' lang='lat' dir='ltr'>est</span> <span class='ocrx_word' id='word_1_504' title='bbox 1722 319 1819 347; x_wconf 82' lang='lat' dir='ltr'>codex</span> <span class='ocrx_word' id='word_1_505' title='bbox 1833 315 1992 349; x_wconf 82' lang='lat' dir='ltr'>ab‘Omar</span> <span class='ocrx_word' id='word_1_506' title='bbox 2005 319 2235 352; x_wconf 61' lang='lat' dir='ltr'>ibn-Musthafa</span> 
     </span>
     <span class='ocr_line' id='line_1_60' title="bbox 1192 353 2115 405; baseline 0.01 -22"><span class='ocrx_word' id='word_1_507' title='bbox 1192 353 1309 394; x_wconf 63' lang='lat' dir='ltr'>Agnae</span> <span class='ocrx_word' id='word_1_508' title='bbox 1332 359 1427 405; x_wconf 37' lang='lat' dir='ltr'>(255ss</span> <span class='ocrx_word' id='word_1_509' title='bbox 1443 359 1525 389; x_wconf 50' lang='lat' dir='ltr'>:aas</span> <span class='ocrx_word' id='word_1_510' title='bbox 1541 359 1586 404; x_wconf 65' lang='lat'>3)</span> <span class='ocrx_word' id='word_1_511' title='bbox 1609 357 1652 388; x_wconf 87' lang='lat' dir='ltr'>A.</span> <span class='ocrx_word' id='word_1_512' title='bbox 1666 359 1707 389; x_wconf 90' lang='lat' dir='ltr'>H.</span> <span class='ocrx_word' id='word_1_513' title='bbox 1726 363 1807 390; x_wconf 84' lang='lat'>1062</span> <span class='ocrx_word' id='word_1_514' title='bbox 1826 359 1913 398; x_wconf 83' lang='lat' dir='ltr'>(Chr.</span> <span class='ocrx_word' id='word_1_515' title='bbox 1931 364 2008 392; x_wconf 82' lang='lat'>1651</span> <span class='ocrx_word' id='word_1_516' title='bbox 2021 363 2115 401; x_wconf 83' lang='lat'>-2).</span> 
     </span>
    </p>
   </div>
   <div class='ocr_carea' id='block_1_18' title="bbox 1614 441 1810 534">
    <p class='ocr_par' dir='ltr' id='par_1_18' title="bbox 1614 441 1810 534">
     <span class='ocr_line' id='line_1_61' title="bbox 1664 441 1759 478; baseline 0.021 -2"><span class='ocrx_word' id='word_1_517' title='bbox 1664 441 1759 478; x_wconf 90' lang='lat' dir='ltr'><strong>LIV.</strong></span> 
     </span>
     <span class='ocr_line' id='line_1_62' title="bbox 1614 498 1810 534; baseline 0.015 -11"><span class='ocrx_word' id='word_1_518' title='bbox 1614 499 1674 530; x_wconf 70' lang='lat' dir='ltr'><strong>[pf.</strong></span> <span class='ocrx_word' id='word_1_519' title='bbox 1696 498 1726 523; x_wconf 71' lang='lat' dir='ltr'>n.</span> <span class='ocrx_word' id='word_1_520' title='bbox 1747 499 1810 534; x_wconf 88' lang='lat'><strong>89.]</strong></span> 
     </span>
    </p>
   </div>
   <div class='ocr_carea' id='block_1_19' title="bbox 1191 544 2234 753">
    <p class='ocr_par' dir='ltr' id='par_1_19' title="bbox 1191 544 2234 753">
     <span class='ocr_line' id='line_1_63' title="bbox 1279 544 2232 595; baseline 0.01 -20"><span class='ocrx_word' id='word_1_521' title='bbox 1279 544 1427 586; x_wconf 75' lang='lat' dir='ltr'>Coranus,</span> <span class='ocrx_word' id='word_1_522' title='bbox 1452 550 1593 588; x_wconf 79' lang='lat' dir='ltr'>8⁰maj.‚</span> <span class='ocrx_word' id='word_1_523' title='bbox 1617 549 1682 579; x_wconf 87' lang='lat' dir='ltr'>foll.</span> <span class='ocrx_word' id='word_1_524' title='bbox 1704 553 1763 580; x_wconf 84' lang='lat'>385</span> <span class='ocrx_word' id='word_1_525' title='bbox 1784 551 1905 581; x_wconf 76' lang='lat' dir='ltr'>chartae</span> <span class='ocrx_word' id='word_1_526' title='bbox 1928 555 2080 583; x_wconf 84' lang='lat' dir='ltr'>orientalis</span> <span class='ocrx_word' id='word_1_527' title='bbox 2101 556 2232 595; x_wconf 84' lang='lat' dir='ltr'>laeviga-</span> 
     </span>
     <span class='ocr_line' id='line_1_64' title="bbox 1191 588 2234 632; baseline 0.01 -16"><span class='ocrx_word' id='word_1_528' title='bbox 1191 593 1256 624; x_wconf 85' lang='lat' dir='ltr'>tae,</span> <span class='ocrx_word' id='word_1_529' title='bbox 1279 588 1361 618; x_wconf 87' lang='lat' dir='ltr'>char.</span> <span class='ocrx_word' id='word_1_530' title='bbox 1385 591 1489 620; x_wconf 85' lang='lat' dir='ltr'>neschi</span> <span class='ocrx_word' id='word_1_531' title='bbox 1510 593 1580 620; x_wconf 83' lang='lat' dir='ltr'>satis</span> <span class='ocrx_word' id='word_1_532' title='bbox 1604 592 1700 620; x_wconf 92' lang='lat' dir='ltr'>nitido</span> <span class='ocrx_word' id='word_1_533' title='bbox 1715 595 1840 632; x_wconf 80' lang='lat' dir='ltr'>scriptus</span> <span class='ocrx_word' id='word_1_534' title='bbox 1862 600 1890 623; x_wconf 78' lang='lat' dir='ltr'>et</span> <span class='ocrx_word' id='word_1_535' title='bbox 1914 596 1989 623; x_wconf 83' lang='lat' dir='ltr'>bene</span> <span class='ocrx_word' id='word_1_536' title='bbox 2009 596 2138 626; x_wconf 87' lang='lat' dir='ltr'>habitus.</span> <span class='ocrx_word' id='word_1_537' title='bbox 2184 598 2234 627; x_wconf 81' lang='lat' dir='ltr'>Ab</span> 
     </span>
     <span class='ocr_line' id='line_1_65' title="bbox 1191 630 2233 675; baseline 0.011 -17"><span class='ocrx_word' id='word_1_538' title='bbox 1191 630 1280 658; x_wconf 87' lang='lat' dir='ltr'>initio</span> <span class='ocrx_word' id='word_1_539' title='bbox 1303 632 1374 659; x_wconf 85' lang='lat' dir='ltr'>folia</span> <span class='ocrx_word' id='word_1_540' title='bbox 1391 636 1408 662; x_wconf 82' lang='grc'><strong>9</strong></span> <span class='ocrx_word' id='word_1_541' title='bbox 1428 644 1496 663; x_wconf 86' lang='lat' dir='ltr'>cum</span> <span class='ocrx_word' id='word_1_542' title='bbox 1519 633 1646 662; x_wconf 88' lang='lat' dir='ltr'>dimidio</span> <span class='ocrx_word' id='word_1_543' title='bbox 1662 640 1691 662; x_wconf 94' lang='lat' dir='ltr'>et</span> <span class='ocrx_word' id='word_1_544' title='bbox 1710 635 1740 662; x_wconf 91' lang='lat' dir='ltr'>iu</span> <span class='ocrx_word' id='word_1_545' title='bbox 1765 636 1865 664; x_wconf 84' lang='lat' dir='ltr'>medio</span> <span class='ocrx_word' id='word_1_546' title='bbox 1881 638 1956 665; x_wconf 88' lang='lat' dir='ltr'>libro</span> <span class='ocrx_word' id='word_1_547' title='bbox 1973 639 2044 666; x_wconf 75' lang='lat' dir='ltr'>folia</span> <span class='ocrx_word' id='word_1_548' title='bbox 2060 640 2077 667; x_wconf 85' lang='lat'>8</span> <span class='ocrx_word' id='word_1_549' title='bbox 2097 639 2178 675; x_wconf 80' lang='grc'><strong>(129</strong></span> <span class='ocrx_word' id='word_1_550' title='bbox 2192 658 2233 663; x_wconf 92' lang='grc'>-</span> 
     </span>
     <span class='ocr_line' id='line_1_66' title="bbox 1195 672 2233 716; baseline 0.011 -16"><span class='ocrx_word' id='word_1_551' title='bbox 1195 672 1276 710; x_wconf 83' lang='lat'><strong>136),</strong></span> <span class='ocrx_word' id='word_1_552' title='bbox 1300 683 1376 711; x_wconf 83' lang='lat' dir='ltr'>quae</span> <span class='ocrx_word' id='word_1_553' title='bbox 1394 681 1444 703; x_wconf 86' lang='lat' dir='ltr'>aut</span> <span class='ocrx_word' id='word_1_554' title='bbox 1460 686 1552 704; x_wconf 81' lang='lat' dir='ltr'>vacua</span> <span class='ocrx_word' id='word_1_555' title='bbox 1567 676 1670 704; x_wconf 88' lang='lat' dir='ltr'>relicta</span> <span class='ocrx_word' id='word_1_556' title='bbox 1688 683 1783 712; x_wconf 85' lang='lat' dir='ltr'>erant,</span> <span class='ocrx_word' id='word_1_557' title='bbox 1798 684 1850 707; x_wconf 86' lang='lat' dir='ltr'>aut</span> <span class='ocrx_word' id='word_1_558' title='bbox 1866 680 2049 716; x_wconf 85' lang='lat' dir='ltr'>exciderant,</span> <span class='ocrx_word' id='word_1_559' title='bbox 2069 680 2233 711; x_wconf 78' lang='lat' dir='ltr'>al’feiffero</span> 
     </span>
     <span class='ocr_line' id='line_1_67' title="bbox 1191 716 1649 753; baseline 0.011 -12"><span class='ocrx_word' id='word_1_560' title='bbox 1191 716 1310 753; x_wconf 83' lang='lat' dir='ltr'>expleta</span> <span class='ocrx_word' id='word_1_561' title='bbox 1328 721 1379 744; x_wconf 88' lang='lat' dir='ltr'>aut</span> <span class='ocrx_word' id='word_1_562' title='bbox 1393 718 1554 746; x_wconf 79' lang='lat' dir='ltr'>substituta</span> <span class='ocrx_word' id='word_1_563' title='bbox 1569 723 1649 747; x_wconf 83' lang='lat' dir='ltr'>sunt.</span> 
     </span>
    </p>
   </div>
   <div class='ocr_carea' id='block_1_20' title="bbox 1603 801 1823 892">
    <p class='ocr_par' dir='ltr' id='par_1_20' title="bbox 1603 801 1823 892">
     <span class='ocr_line' id='line_1_68' title="bbox 1672 801 1747 838; baseline 0.027 -2"><span class='ocrx_word' id='word_1_564' title='bbox 1672 801 1747 838; x_wconf 90' lang='lat' dir='ltr'>LV.</span> 
     </span>
     <span class='ocr_line' id='line_1_69' title="bbox 1603 858 1823 892; baseline 0 -8"><span class='ocrx_word' id='word_1_565' title='bbox 1603 858 1669 892; x_wconf 77' lang='lat' dir='ltr'><strong>[Ao.</strong></span> <span class='ocrx_word' id='word_1_566' title='bbox 1690 859 1722 884; x_wconf 78' lang='lat' dir='ltr'>R.</span> <span class='ocrx_word' id='word_1_567' title='bbox 1744 862 1802 886; x_wconf 62' lang='grc' dir='ltr'>ιω,</span> <span class='ocrx_word' id='word_1_568' title='bbox 1812 859 1823 891; x_wconf 71' lang='lat' dir='ltr'>J</span> 
     </span>
    </p>
   </div>
   <div class='ocr_carea' id='block_1_21' title="bbox 1187 907 2232 1222">
    <p class='ocr_par' dir='ltr' id='par_1_21' title="bbox 1189 907 2232 1119">
     <span class='ocr_line' id='line_1_70' title="bbox 1277 907 2232 947; baseline 0.009 -10"><span class='ocrx_word' id='word_1_569' title='bbox 1277 907 1428 947; x_wconf 76' lang='lat' dir='ltr'>Coranus,</span> <span class='ocrx_word' id='word_1_570' title='bbox 1452 911 1589 947; x_wconf 87' lang='lat' dir='ltr'>8⁰maj.,</span> <span class='ocrx_word' id='word_1_571' title='bbox 1620 912 1684 940; x_wconf 86' lang='lat' dir='ltr'>foll.</span> <span class='ocrx_word' id='word_1_572' title='bbox 1706 914 1785 946; x_wconf 86' lang='lat'><strong>303,</strong></span> <span class='ocrx_word' id='word_1_573' title='bbox 1816 911 1896 940; x_wconf 87' lang='lat' dir='ltr'>char.</span> <span class='ocrx_word' id='word_1_574' title='bbox 1920 913 2024 942; x_wconf 84' lang='lat' dir='ltr'>neschi</span> <span class='ocrx_word' id='word_1_575' title='bbox 2045 916 2080 942; x_wconf 88' lang='lat' dir='ltr'>ab</span> <span class='ocrx_word' id='word_1_576' title='bbox 2096 916 2183 944; x_wconf 84' lang='lat' dir='ltr'>initio</span> <span class='ocrx_word' id='word_1_577' title='bbox 2205 925 2232 946; x_wconf 88' lang='lat' dir='ltr'>et</span> 
     </span>
     <span class='ocr_line' id='line_1_71' title="bbox 1189 953 2232 993; baseline 0.008 -14"><span class='ocrx_word' id='word_1_578' title='bbox 1189 961 1291 980; x_wconf 82' lang='lat' dir='ltr'>versus</span> <span class='ocrx_word' id='word_1_579' title='bbox 1313 953 1404 980; x_wconf 87' lang='lat' dir='ltr'>finem</span> <span class='ocrx_word' id='word_1_580' title='bbox 1427 953 1610 990; x_wconf 84' lang='lat' dir='ltr'>robustiore,</span> <span class='ocrx_word' id='word_1_581' title='bbox 1634 954 1666 981; x_wconf 90' lang='lat' dir='ltr'>in</span> <span class='ocrx_word' id='word_1_582' title='bbox 1692 954 1791 982; x_wconf 87' lang='lat' dir='ltr'>medio</span> <span class='ocrx_word' id='word_1_583' title='bbox 1816 955 1892 982; x_wconf 88' lang='lat' dir='ltr'>libro</span> <span class='ocrx_word' id='word_1_584' title='bbox 1915 958 2065 993; x_wconf 84' lang='lat' dir='ltr'>tenuiore,</span> <span class='ocrx_word' id='word_1_585' title='bbox 2088 958 2188 987; x_wconf 82' lang='lat' dir='ltr'>limbis</span> <span class='ocrx_word' id='word_1_586' title='bbox 2205 966 2232 988; x_wconf 86' lang='lat' dir='ltr'>et</span> 
     </span>
     <span class='ocr_line' id='line_1_72' title="bbox 1189 994 2231 1038; baseline 0.008 -17"><span class='ocrx_word' id='word_1_587' title='bbox 1189 994 1321 1031; x_wconf 86' lang='lat' dir='ltr'>capitum</span> <span class='ocrx_word' id='word_1_588' title='bbox 1345 995 1589 1033; x_wconf 86' lang='lat' dir='ltr'>inscriptionibus</span> <span class='ocrx_word' id='word_1_589' title='bbox 1605 1001 1634 1024; x_wconf 89' lang='lat' dir='ltr'>et</span> <span class='ocrx_word' id='word_1_590' title='bbox 1650 997 1769 1034; x_wconf 88' lang='lat' dir='ltr'>punctis</span> <span class='ocrx_word' id='word_1_591' title='bbox 1792 997 1872 1024; x_wconf 88' lang='lat' dir='ltr'>inter</span> <span class='ocrx_word' id='word_1_592' title='bbox 1888 998 2048 1027; x_wconf 80' lang='lat' dir='ltr'>versiculos</span> <span class='ocrx_word' id='word_1_593' title='bbox 2074 1005 2103 1028; x_wconf 91' lang='lat' dir='ltr'>et</span> <span class='ocrx_word' id='word_1_594' title='bbox 2123 1010 2231 1038; x_wconf 88' lang='lat' dir='ltr'>pausa-</span> 
     </span>
     <span class='ocr_line' id='line_1_73' title="bbox 1189 1035 2229 1078; baseline 0.009 -16"><span class='ocrx_word' id='word_1_595' title='bbox 1189 1046 1256 1063; x_wconf 89' lang='lat' dir='ltr'>rum</span> <span class='ocrx_word' id='word_1_596' title='bbox 1279 1035 1389 1073; x_wconf 84' lang='lat' dir='ltr'>signis,</span> <span class='ocrx_word' id='word_1_597' title='bbox 1417 1046 1493 1075; x_wconf 86' lang='lat' dir='ltr'>quae</span> <span class='ocrx_word' id='word_1_598' title='bbox 1511 1038 1688 1075; x_wconf 78' lang='lat' dir='ltr'>paucissima</span> <span class='ocrx_word' id='word_1_599' title='bbox 1711 1038 1858 1076; x_wconf 87' lang='lat' dir='ltr'>adscripta</span> <span class='ocrx_word' id='word_1_600' title='bbox 1880 1045 1966 1076; x_wconf 84' lang='lat' dir='ltr'>sunt,</span> <span class='ocrx_word' id='word_1_601' title='bbox 1994 1041 2108 1078; x_wconf 84' lang='lat' dir='ltr'>rubris,</span> <span class='ocrx_word' id='word_1_602' title='bbox 2133 1041 2173 1071; x_wconf 86' lang='lat' dir='ltr'>A.</span> <span class='ocrx_word' id='word_1_603' title='bbox 2191 1042 2229 1071; x_wconf 91' lang='lat' dir='ltr'>H.</span> 
     </span>
     <span class='ocr_line' id='line_1_74' title="bbox 1192 1076 2232 1119; baseline 0.008 -14"><span class='ocrx_word' id='word_1_604' title='bbox 1192 1080 1272 1106; x_wconf 83' lang='lat'>1092</span> <span class='ocrx_word' id='word_1_605' title='bbox 1297 1076 1391 1114; x_wconf 81' lang='lat' dir='ltr'>(Chr.</span> <span class='ocrx_word' id='word_1_606' title='bbox 1418 1080 1520 1116; x_wconf 82' lang='grc'>1681)</span> <span class='ocrx_word' id='word_1_607' title='bbox 1543 1080 1669 1117; x_wconf 89' lang='lat' dir='ltr'>scriptus</span> <span class='ocrx_word' id='word_1_608' title='bbox 1694 1086 1723 1109; x_wconf 85' lang='lat' dir='ltr'>et</span> <span class='ocrx_word' id='word_1_609' title='bbox 1742 1081 1855 1119; x_wconf 88' lang='lat' dir='ltr'>optime</span> <span class='ocrx_word' id='word_1_610' title='bbox 1879 1088 2076 1111; x_wconf 84' lang='lat' dir='ltr'>conservatus.</span> <span class='ocrx_word' id='word_1_611' title='bbox 2121 1083 2232 1114; x_wconf 79' lang='lat' dir='ltr'>Annus</span> 
     </span>
    </p>

    <p class='ocr_par' dir='ltr' id='par_1_22' title="bbox 1187 1127 1647 1222">
     <span class='ocr_line' id='line_1_75' title="bbox 1499 1127 1647 1152; baseline 0.007 -1"><span class='ocrx_word' id='word_1_612' title='bbox 1499 1127 1647 1152; x_wconf 42' lang='lat' dir='ltr'>&amp;bul—⁴⁹¹</span> 
     </span>
     <span class='ocr_line' id='line_1_76' title="bbox 1187 1153 1475 1185; baseline 0.014 -5"><span class='ocrx_word' id='word_1_613' title='bbox 1187 1154 1228 1181; x_wconf 87' lang='lat' dir='ltr'>sic</span> <span class='ocrx_word' id='word_1_614' title='bbox 1248 1153 1396 1183; x_wconf 87' lang='lat' dir='ltr'>indicatus</span> <span class='ocrx_word' id='word_1_615' title='bbox 1414 1160 1475 1185; x_wconf 80' lang='lat' dir='ltr'>est:</span> 
     </span>
     <span class='ocr_line' id='line_1_77' title="bbox 1499 1185 1647 1222; baseline 0.014 -14"><span class='ocrx_word' id='word_1_616' title='bbox 1499 1187 1523 1222; x_wconf 59' lang='grc' dir='ltr'>ὃ</span> <span class='ocrx_word' id='word_1_617' title='bbox 1544 1185 1590 1209; x_wconf 69' lang='lat'>00</span> <span class='ocrx_word' id='word_1_618' title='bbox 1613 1186 1647 1210; x_wconf 55' lang='grc' dir='ltr'><strong>ψ</strong></span> 
     </span>
    </p>
   </div>
   <div class='ocr_carea' id='block_1_22' title="bbox 1184 1302 2228 1584">
    <p class='ocr_par' dir='ltr' id='par_1_23' title="bbox 1598 1302 1819 1335">
     <span class='ocr_line' id='line_1_78' title="bbox 1598 1302 1819 1335; baseline 0.005 -8"><span class='ocrx_word' id='word_1_619' title='bbox 1598 1302 1665 1335; x_wconf 82' lang='grc' dir='ltr'><strong>[Αο.</strong></span> <span class='ocrx_word' id='word_1_620' title='bbox 1686 1302 1717 1327; x_wconf 79' lang='lat' dir='ltr'>h&#39;.</span> <span class='ocrx_word' id='word_1_621' title='bbox 1740 1304 1819 1335; x_wconf 61' lang='lat'>163]</span> 
     </span>
    </p>

    <p class='ocr_par' dir='ltr' id='par_1_24' title="bbox 1184 1342 2228 1584">
     <span class='ocr_line' id='line_1_79' title="bbox 1274 1342 2228 1383; baseline 0.009 -11"><span class='ocrx_word' id='word_1_622' title='bbox 1274 1342 1424 1383; x_wconf 79' lang='lat' dir='ltr'>Coranus,</span> <span class='ocrx_word' id='word_1_623' title='bbox 1448 1346 1585 1383; x_wconf 62' lang='lat' dir='ltr'>Somaj„</span> <span class='ocrx_word' id='word_1_624' title='bbox 1602 1346 1666 1375; x_wconf 83' lang='lat' dir='ltr'>fon.</span> <span class='ocrx_word' id='word_1_625' title='bbox 1683 1346 1762 1380; x_wconf 89' lang='grc'><strong>402,</strong></span> <span class='ocrx_word' id='word_1_626' title='bbox 1787 1346 1867 1376; x_wconf 88' lang='lat' dir='ltr'>char.</span> <span class='ocrx_word' id='word_1_627' title='bbox 1892 1347 1996 1377; x_wconf 88' lang='lat' dir='ltr'>neschi</span> <span class='ocrx_word' id='word_1_628' title='bbox 2019 1350 2137 1379; x_wconf 86' lang='lat' dir='ltr'>robusto</span> <span class='ocrx_word' id='word_1_629' title='bbox 2157 1354 2228 1380; x_wconf 77' lang='lat' dir='ltr'>scri—</span> 
     </span>
     <span class='ocr_line' id='line_1_80' title="bbox 1186 1387 2228 1432; baseline 0.008 -18"><span class='ocrx_word' id='word_1_630' title='bbox 1186 1391 1270 1424; x_wconf 84' lang='lat' dir='ltr'>ptus,</span> <span class='ocrx_word' id='word_1_631' title='bbox 1296 1387 1328 1414; x_wconf 90' lang='lat' dir='ltr'>in</span> <span class='ocrx_word' id='word_1_632' title='bbox 1353 1387 1468 1416; x_wconf 85' lang='lat' dir='ltr'>duabus</span> <span class='ocrx_word' id='word_1_633' title='bbox 1485 1388 1588 1427; x_wconf 87' lang='lat' dir='ltr'>primis</span> <span class='ocrx_word' id='word_1_634' title='bbox 1612 1389 1728 1426; x_wconf 84' lang='lat' dir='ltr'>paginis</span> <span class='ocrx_word' id='word_1_635' title='bbox 1754 1390 1889 1427; x_wconf 84' lang='lat' dir='ltr'>expictus</span> <span class='ocrx_word' id='word_1_636' title='bbox 1914 1392 1990 1419; x_wconf 82' lang='lat' dir='ltr'>etin</span> <span class='ocrx_word' id='word_1_637' title='bbox 2014 1393 2228 1432; x_wconf 84' lang='lat' dir='ltr'>septendecim,</span> 
     </span>
     <span class='ocr_line' id='line_1_81' title="bbox 1186 1430 2228 1470; baseline 0.011 -15"><span class='ocrx_word' id='word_1_638' title='bbox 1186 1438 1263 1467; x_wconf 88' lang='lat' dir='ltr'>quae</span> <span class='ocrx_word' id='word_1_639' title='bbox 1287 1430 1424 1467; x_wconf 83' lang='lat' dir='ltr'>proxime</span> <span class='ocrx_word' id='word_1_640' title='bbox 1446 1436 1625 1469; x_wconf 86' lang='lat' dir='ltr'>sequuntur,</span> <span class='ocrx_word' id='word_1_641' title='bbox 1651 1431 1751 1459; x_wconf 87' lang='lat' dir='ltr'>limbis</span> <span class='ocrx_word' id='word_1_642' title='bbox 1773 1437 1802 1459; x_wconf 89' lang='lat' dir='ltr'>et</span> <span class='ocrx_word' id='word_1_643' title='bbox 1824 1435 1944 1470; x_wconf 86' lang='lat' dir='ltr'>punctis</span> <span class='ocrx_word' id='word_1_644' title='bbox 1964 1435 2043 1462; x_wconf 87' lang='lat' dir='ltr'>inter</span> <span class='ocrx_word' id='word_1_645' title='bbox 2066 1436 2228 1466; x_wconf 83' lang='lat' dir='ltr'>versiculos</span> 
     </span>
     <span class='ocr_line' id='line_1_82' title="bbox 1186 1471 2227 1515; baseline 0.01 -18"><span class='ocrx_word' id='word_1_646' title='bbox 1186 1471 1294 1506; x_wconf 85' lang='lat' dir='ltr'>aureis,</span> <span class='ocrx_word' id='word_1_647' title='bbox 1318 1471 1427 1500; x_wconf 89' lang='lat' dir='ltr'>deinde</span> <span class='ocrx_word' id='word_1_648' title='bbox 1441 1473 1549 1508; x_wconf 84' lang='lat' dir='ltr'>rubris,</span> <span class='ocrx_word' id='word_1_649' title='bbox 1573 1473 1670 1501; x_wconf 85' lang='lat' dir='ltr'>rubris</span> <span class='ocrx_word' id='word_1_650' title='bbox 1686 1473 1759 1501; x_wconf 87' lang='lat' dir='ltr'>item</span> <span class='ocrx_word' id='word_1_651' title='bbox 1775 1483 1934 1511; x_wconf 78' lang='lat' dir='ltr'>pausarum</span> <span class='ocrx_word' id='word_1_652' title='bbox 1949 1477 2040 1513; x_wconf 81' lang='lat' dir='ltr'>signis</span> <span class='ocrx_word' id='word_1_653' title='bbox 2054 1476 2227 1515; x_wconf 82' lang='lat' dir='ltr'>instructus,</span> 
     </span>
     <span class='ocr_line' id='line_1_83' title="bbox 1185 1514 2225 1553; baseline 0.009 -14"><span class='ocrx_word' id='word_1_654' title='bbox 1185 1522 1263 1551; x_wconf 87' lang='lat' dir='ltr'>quae</span> <span class='ocrx_word' id='word_1_655' title='bbox 1279 1518 1312 1541; x_wconf 88' lang='lat' dir='ltr'>ut</span> <span class='ocrx_word' id='word_1_656' title='bbox 1328 1514 1358 1541; x_wconf 91' lang='lat' dir='ltr'>in</span> <span class='ocrx_word' id='word_1_657' title='bbox 1375 1515 1522 1552; x_wconf 90' lang='lat' dir='ltr'>prioribus</span> <span class='ocrx_word' id='word_1_658' title='bbox 1538 1515 1652 1553; x_wconf 76' lang='lat' dir='ltr'>paginis</span> <span class='ocrx_word' id='word_1_659' title='bbox 1676 1516 1765 1552; x_wconf 84' lang='lat' dir='ltr'>plane</span> <span class='ocrx_word' id='word_1_660' title='bbox 1788 1515 1910 1551; x_wconf 82' lang='lat' dir='ltr'>desunt,</span> <span class='ocrx_word' id='word_1_661' title='bbox 1937 1526 2038 1546; x_wconf 72' lang='lat' dir='ltr'>versus</span> <span class='ocrx_word' id='word_1_662' title='bbox 2052 1518 2142 1547; x_wconf 87' lang='lat' dir='ltr'>finem</span> <span class='ocrx_word' id='word_1_663' title='bbox 2160 1530 2225 1549; x_wconf 85' lang='lat' dir='ltr'>rur-</span> 
     </span>
     <span class='ocr_line' id='line_1_84' title="bbox 1184 1554 1400 1584; baseline 0.014 -3"><span class='ocrx_word' id='word_1_664' title='bbox 1184 1564 1232 1582; x_wconf 90' lang='lat' dir='ltr'>sus</span> <span class='ocrx_word' id='word_1_665' title='bbox 1249 1554 1400 1584; x_wconf 74' lang='lat' dir='ltr'>deficiunt.</span> 
     </span>
    </p>
   </div>
   <div class='ocr_carea' id='block_1_23' title="bbox 1183 1631 2225 1847">
    <p class='ocr_par' dir='ltr' id='par_1_25' title="bbox 1183 1631 2225 1847">
     <span class='ocr_line' id='line_1_85' title="bbox 1647 1631 1758 1666; baseline 0 0"><span class='ocrx_word' id='word_1_666' title='bbox 1647 1631 1758 1666; x_wconf 85' lang='lat' dir='ltr'><strong>LVII.</strong></span> 
     </span>
     <span class='ocr_line' id='line_1_86' title="bbox 1590 1680 1820 1714; baseline -0.004 -8"><span class='ocrx_word' id='word_1_667' title='bbox 1590 1681 1661 1712; x_wconf 83' lang='lat' dir='ltr'>[Ac.</span> <span class='ocrx_word' id='word_1_668' title='bbox 1683 1680 1714 1706; x_wconf 73' lang='lat' dir='ltr'>R.</span> <span class='ocrx_word' id='word_1_669' title='bbox 1740 1680 1820 1714; x_wconf 57' lang='lat'>164]</span> 
     </span>
     <span class='ocr_line' id='line_1_87' title="bbox 1270 1720 2225 1765; baseline 0.009 -14"><span class='ocrx_word' id='word_1_670' title='bbox 1270 1720 1419 1759; x_wconf 83' lang='lat' dir='ltr'>Coranus,</span> <span class='ocrx_word' id='word_1_671' title='bbox 1444 1725 1579 1761; x_wconf 79' lang='lat' dir='ltr'>801naj.,</span> <span class='ocrx_word' id='word_1_672' title='bbox 1603 1725 1668 1754; x_wconf 87' lang='lat' dir='ltr'><strong>foll.</strong></span> <span class='ocrx_word' id='word_1_673' title='bbox 1690 1727 1761 1757; x_wconf 83' lang='grc'><strong>332..</strong></span> <span class='ocrx_word' id='word_1_674' title='bbox 1784 1724 1867 1754; x_wconf 84' lang='lat' dir='ltr'>char.</span> <span class='ocrx_word' id='word_1_675' title='bbox 1887 1727 1988 1755; x_wconf 88' lang='lat' dir='ltr'>neschi</span> <span class='ocrx_word' id='word_1_676' title='bbox 2004 1729 2135 1765; x_wconf 86' lang='lat' dir='ltr'>robusto,</span> <span class='ocrx_word' id='word_1_677' title='bbox 2159 1731 2225 1760; x_wconf 83' lang='lat' dir='ltr'>lim-</span> 
     </span>
     <span class='ocr_line' id='line_1_88' title="bbox 1183 1764 2224 1806; baseline 0.01 -14"><span class='ocrx_word' id='word_1_678' title='bbox 1183 1764 1228 1793; x_wconf 89' lang='lat' dir='ltr'>bis</span> <span class='ocrx_word' id='word_1_679' title='bbox 1244 1769 1273 1794; x_wconf 89' lang='lat' dir='ltr'>et</span> <span class='ocrx_word' id='word_1_680' title='bbox 1289 1766 1421 1803; x_wconf 84' lang='lat' dir='ltr'>capitum</span> <span class='ocrx_word' id='word_1_681' title='bbox 1439 1766 1683 1804; x_wconf 84' lang='lat' dir='ltr'>inscriptionibus</span> <span class='ocrx_word' id='word_1_682' title='bbox 1708 1773 1737 1796; x_wconf 86' lang='lat' dir='ltr'>et</span> <span class='ocrx_word' id='word_1_683' title='bbox 1758 1769 1877 1806; x_wconf 89' lang='lat' dir='ltr'>punctis</span> <span class='ocrx_word' id='word_1_684' title='bbox 1894 1770 1971 1797; x_wconf 89' lang='lat' dir='ltr'>inter</span> <span class='ocrx_word' id='word_1_685' title='bbox 1991 1772 2152 1802; x_wconf 84' lang='lat' dir='ltr'>versiculos</span> <span class='ocrx_word' id='word_1_686' title='bbox 2174 1784 2224 1802; x_wconf 92' lang='lat' dir='ltr'>ru-</span> 
     </span>
     <span class='ocr_line' id='line_1_89' title="bbox 1183 1807 1674 1847; baseline 0.006 -13"><span class='ocrx_word' id='word_1_687' title='bbox 1183 1807 1259 1843; x_wconf 83' lang='lat' dir='ltr'>bris,</span> <span class='ocrx_word' id='word_1_688' title='bbox 1285 1818 1445 1846; x_wconf 78' lang='lat' dir='ltr'>pausarum</span> <span class='ocrx_word' id='word_1_689' title='bbox 1464 1810 1556 1847; x_wconf 86' lang='lat' dir='ltr'>signis</span> <span class='ocrx_word' id='word_1_690' title='bbox 1573 1810 1674 1838; x_wconf 89' lang='lat' dir='ltr'>nullis.</span> 
     </span>
    </p>
   </div>
   <div class='ocr_carea' id='block_1_24' title="bbox 1591 1883 1813 1966">
    <p class='ocr_par' dir='ltr' id='par_1_26' title="bbox 1591 1883 1813 1966">
     <span class='ocr_line' id='line_1_90' title="bbox 1633 1883 1767 1919; baseline 0 -1"><span class='ocrx_word' id='word_1_691' title='bbox 1633 1883 1767 1919; x_wconf 86' lang='lat' dir='ltr'><strong>LVIII.</strong></span> 
     </span>
     <span class='ocr_line' id='line_1_91' title="bbox 1591 1932 1813 1966; baseline -0.005 -8"><span class='ocrx_word' id='word_1_692' title='bbox 1591 1932 1659 1966; x_wconf 78' lang='lat' dir='ltr'>[Ae.</span> <span class='ocrx_word' id='word_1_693' title='bbox 1682 1932 1713 1957; x_wconf 64' lang='lat' dir='ltr'>iz.</span> <span class='ocrx_word' id='word_1_694' title='bbox 1733 1933 1813 1966; x_wconf 85' lang='lat'>201.]</span> 
     </span>
    </p>
   </div>
   <div class='ocr_carea' id='block_1_25' title="bbox 1184 1973 2223 2101">
    <p class='ocr_par' dir='ltr' id='par_1_27' title="bbox 1184 1973 2223 2101">
     <span class='ocr_line' id='line_1_92' title="bbox 1272 1973 2223 2022; baseline 0.009 -20"><span class='ocrx_word' id='word_1_695' title='bbox 1272 1973 1420 2012; x_wconf 76' lang='lat' dir='ltr'>Coranus,</span> <span class='ocrx_word' id='word_1_696' title='bbox 1444 1977 1561 2013; x_wconf 75' lang='lat' dir='ltr'>8⁰maj.</span> <span class='ocrx_word' id='word_1_697' title='bbox 1573 1998 1581 2011; x_wconf 87' lang='lat'><em>‚</em></span> <span class='ocrx_word' id='word_1_698' title='bbox 1604 1977 1669 2005; x_wconf 82' lang='lat' dir='ltr'>foll.</span> <span class='ocrx_word' id='word_1_699' title='bbox 1691 1979 1768 2012; x_wconf 85' lang='grc'><strong>312,</strong></span> <span class='ocrx_word' id='word_1_700' title='bbox 1791 1976 1872 2006; x_wconf 89' lang='lat' dir='ltr'>char.</span> <span class='ocrx_word' id='word_1_701' title='bbox 1888 1979 1992 2006; x_wconf 79' lang='lat' dir='ltr'>neschi</span> <span class='ocrx_word' id='word_1_702' title='bbox 2011 1990 2115 2018; x_wconf 82' lang='lat' dir='ltr'>parum</span> <span class='ocrx_word' id='word_1_703' title='bbox 2132 1992 2223 2022; x_wconf 87' lang='lat' dir='ltr'>expe-</span> 
     </span>
     <span class='ocr_line' id='line_1_93' title="bbox 1184 2016 2223 2060; baseline 0.01 -16"><span class='ocrx_word' id='word_1_704' title='bbox 1184 2016 1248 2045; x_wconf 90' lang='lat' dir='ltr'>dito</span> <span class='ocrx_word' id='word_1_705' title='bbox 1271 2027 1326 2045; x_wconf 89' lang='lat' dir='ltr'>nec</span> <span class='ocrx_word' id='word_1_706' title='bbox 1347 2019 1417 2046; x_wconf 85' lang='lat' dir='ltr'>satis</span> <span class='ocrx_word' id='word_1_707' title='bbox 1439 2019 1562 2057; x_wconf 85' lang='lat' dir='ltr'>pulcro,</span> <span class='ocrx_word' id='word_1_708' title='bbox 1593 2019 1694 2047; x_wconf 87' lang='lat' dir='ltr'>limbis</span> <span class='ocrx_word' id='word_1_709' title='bbox 1718 2025 1746 2047; x_wconf 89' lang='lat' dir='ltr'>et</span> <span class='ocrx_word' id='word_1_710' title='bbox 1771 2021 1901 2058; x_wconf 84' lang='lat' dir='ltr'>capitum</span> <span class='ocrx_word' id='word_1_711' title='bbox 1928 2022 2171 2060; x_wconf 86' lang='lat' dir='ltr'>inscriptionibus</span> <span class='ocrx_word' id='word_1_712' title='bbox 2196 2032 2223 2055; x_wconf 85' lang='lat' dir='ltr'>et</span> 
     </span>
     <span class='ocr_line' id='line_1_94' title="bbox 1184 2060 2106 2101; baseline 0.007 -14"><span class='ocrx_word' id='word_1_713' title='bbox 1184 2060 1302 2098; x_wconf 82' lang='lat' dir='ltr'>punctis</span> <span class='ocrx_word' id='word_1_714' title='bbox 1320 2060 1398 2088; x_wconf 77' lang='lat' dir='ltr'>inter</span> <span class='ocrx_word' id='word_1_715' title='bbox 1413 2061 1573 2089; x_wconf 80' lang='lat' dir='ltr'>versiculos</span> <span class='ocrx_word' id='word_1_716' title='bbox 1589 2061 1683 2089; x_wconf 89' lang='lat' dir='ltr'>rubris</span> <span class='ocrx_word' id='word_1_717' title='bbox 1693 2083 1701 2098; x_wconf 85' lang='lat'><em>‚</em></span> <span class='ocrx_word' id='word_1_718' title='bbox 1726 2071 1887 2100; x_wconf 80' lang='lat' dir='ltr'>pausarum</span> <span class='ocrx_word' id='word_1_719' title='bbox 1901 2063 1991 2101; x_wconf 78' lang='lat' dir='ltr'>signis</span> <span class='ocrx_word' id='word_1_720' title='bbox 2005 2066 2106 2094; x_wconf 86' lang='lat' dir='ltr'>nullis.</span> 
     </span>
    </p>
   </div>
   <div class='ocr_carea' id='block_1_26' title="bbox 1633 2135 1774 2218">
    <p class='ocr_par' dir='ltr' id='par_1_28' title="bbox 1633 2135 1774 2218">
     <span class='ocr_line' id='line_1_95' title="bbox 1660 2135 1755 2171; baseline 0 0"><span class='ocrx_word' id='word_1_721' title='bbox 1660 2135 1755 2171; x_wconf 84' lang='lat' dir='ltr'><strong>LIX.</strong></span> 
     </span>
     <span class='ocr_line' id='line_1_96' title="bbox 1633 2185 1774 2218; baseline 0 -8"><span class='ocrx_word' id='word_1_722' title='bbox 1633 2185 1683 2217; x_wconf 68' lang='lat' dir='ltr'>[iz.</span> <span class='ocrx_word' id='word_1_723' title='bbox 1711 2186 1774 2218; x_wconf 77' lang='lat'>84.]</span> 
     </span>
    </p>
   </div>
   <div class='ocr_carea' id='block_1_27' title="bbox 1180 2234 2221 2362">
    <p class='ocr_par' dir='ltr' id='par_1_29' title="bbox 1180 2234 2221 2362">
     <span class='ocr_line' id='line_1_97' title="bbox 1269 2234 2219 2280; baseline 0.006 -17"><span class='ocrx_word' id='word_1_724' title='bbox 1269 2234 1417 2270; x_wconf 83' lang='lat' dir='ltr'>Coranus,</span> <span class='ocrx_word' id='word_1_725' title='bbox 1445 2237 1583 2273; x_wconf 84' lang='lat' dir='ltr'>80maj.,</span> <span class='ocrx_word' id='word_1_726' title='bbox 1606 2238 1670 2266; x_wconf 82' lang='lat' dir='ltr'>fon.</span> <span class='ocrx_word' id='word_1_727' title='bbox 1688 2240 1748 2267; x_wconf 82' lang='lat'>335</span> <span class='ocrx_word' id='word_1_728' title='bbox 1772 2237 1893 2267; x_wconf 82' lang='lat' dir='ltr'>chartae</span> <span class='ocrx_word' id='word_1_729' title='bbox 1916 2240 2068 2268; x_wconf 84' lang='lat' dir='ltr'>orientalis</span> <span class='ocrx_word' id='word_1_730' title='bbox 2087 2241 2219 2280; x_wconf 75' lang='lat' dir='ltr'>laeviga-</span> 
     </span>
     <span class='ocr_line' id='line_1_98' title="bbox 1180 2277 2221 2316; baseline 0.001 -9"><span class='ocrx_word' id='word_1_731' title='bbox 1180 2284 1248 2314; x_wconf 84' lang='lat' dir='ltr'>tae,</span> <span class='ocrx_word' id='word_1_732' title='bbox 1277 2278 1358 2307; x_wconf 86' lang='lat' dir='ltr'>char.</span> <span class='ocrx_word' id='word_1_733' title='bbox 1384 2277 1488 2307; x_wconf 85' lang='lat' dir='ltr'>neschi</span> <span class='ocrx_word' id='word_1_734' title='bbox 1510 2279 1662 2316; x_wconf 79' lang='lat' dir='ltr'>pressiore.</span> <span class='ocrx_word' id='word_1_735' title='bbox 1707 2279 1792 2309; x_wconf 85' lang='lat' dir='ltr'>Nihil</span> <span class='ocrx_word' id='word_1_736' title='bbox 1816 2279 1928 2310; x_wconf 84' lang='lat' dir='ltr'>excidit</span> <span class='ocrx_word' id='word_1_737' title='bbox 1944 2282 1999 2309; x_wconf 84' lang='lat' dir='ltr'>nisi</span> <span class='ocrx_word' id='word_1_738' title='bbox 2024 2282 2129 2311; x_wconf 84' lang='lat' dir='ltr'>solium</span> <span class='ocrx_word' id='word_1_739' title='bbox 2150 2285 2221 2314; x_wconf 82' lang='lat' dir='ltr'>ulti-</span> 
     </span>
     <span class='ocr_line' id='line_1_99' title="bbox 1180 2318 2113 2362; baseline 0.004 -13"><span class='ocrx_word' id='word_1_740' title='bbox 1180 2331 1275 2350; x_wconf 90' lang='lat' dir='ltr'>mum.</span> <span class='ocrx_word' id='word_1_741' title='bbox 1323 2318 1428 2350; x_wconf 85' lang='lat' dir='ltr'>Codex</span> <span class='ocrx_word' id='word_1_742' title='bbox 1445 2320 1544 2349; x_wconf 81' lang='lat' dir='ltr'>deficit</span> <span class='ocrx_word' id='word_1_743' title='bbox 1561 2322 1592 2349; x_wconf 94' lang='lat' dir='ltr'>in</span> <span class='ocrx_word' id='word_1_744' title='bbox 1610 2323 1742 2350; x_wconf 86' lang='lat' dir='ltr'>besmela</span> <span class='ocrx_word' id='word_1_745' title='bbox 1758 2321 1883 2351; x_wconf 86' lang='lat' dir='ltr'>Suratae</span> <span class='ocrx_word' id='word_1_746' title='bbox 1901 2324 2113 2362; x_wconf 84' lang='lat' dir='ltr'>paenultimae.</span> 
     </span>
    </p>
   </div>
   <div class='ocr_carea' id='block_1_28' title="bbox 1590 2396 1816 2479">
    <p class='ocr_par' dir='ltr' id='par_1_30' title="bbox 1590 2396 1816 2479">
     <span class='ocr_line' id='line_1_100' title="bbox 1663 2396 1739 2432; baseline 0.013 -1"><span class='ocrx_word' id='word_1_747' title='bbox 1663 2396 1739 2432; x_wconf 81' lang='lat' dir='ltr'>LX.</span> 
     </span>
     <span class='ocr_line' id='line_1_101' title="bbox 1590 2445 1816 2479; baseline 0.009 -9"><span class='ocrx_word' id='word_1_748' title='bbox 1590 2445 1661 2479; x_wconf 82' lang='lat' dir='ltr'>[Ac.</span> <span class='ocrx_word' id='word_1_749' title='bbox 1682 2446 1714 2470; x_wconf 71' lang='lat' dir='ltr'>R.</span> <span class='ocrx_word' id='word_1_750' title='bbox 1735 2446 1816 2477; x_wconf 80' lang='lat'><strong>211.]</strong></span> 
     </span>
    </p>
   </div>
   <div class='ocr_carea' id='block_1_29' title="bbox 1182 2493 2219 2748">
    <p class='ocr_par' dir='ltr' id='par_1_31' title="bbox 1182 2493 2219 2748">
     <span class='ocr_line' id='line_1_102' title="bbox 1269 2493 2218 2535; baseline 0.006 -12"><span class='ocrx_word' id='word_1_751' title='bbox 1269 2493 1417 2531; x_wconf 66' lang='lat' dir='ltr'>Cor-anm,</span> <span class='ocrx_word' id='word_1_752' title='bbox 1442 2497 1478 2524; x_wconf 83' lang='grc' dir='ltr'>8ο</span> <span class='ocrx_word' id='word_1_753' title='bbox 1489 2497 1557 2533; x_wconf 79' lang='lat' dir='ltr'>maj.</span> <span class='ocrx_word' id='word_1_754' title='bbox 1568 2519 1576 2535; x_wconf 89' lang='lat'><strong>‚</strong></span> <span class='ocrx_word' id='word_1_755' title='bbox 1599 2497 1664 2526; x_wconf 86' lang='lat' dir='ltr'>foll.</span> <span class='ocrx_word' id='word_1_756' title='bbox 1681 2499 1758 2533; x_wconf 85' lang='lat'><strong>342,</strong></span> <span class='ocrx_word' id='word_1_757' title='bbox 1782 2499 1862 2527; x_wconf 87' lang='lat' dir='ltr'>char.</span> <span class='ocrx_word' id='word_1_758' title='bbox 1878 2497 1983 2526; x_wconf 87' lang='lat' dir='ltr'>neschi</span> <span class='ocrx_word' id='word_1_759' title='bbox 1999 2500 2130 2534; x_wconf 81' lang='lat' dir='ltr'>robusto,</span> <span class='ocrx_word' id='word_1_760' title='bbox 2148 2501 2218 2529; x_wconf 90' lang='lat' dir='ltr'>lim-</span> 
     </span>
     <span class='ocr_line' id='line_1_103' title="bbox 1182 2538 2219 2580; baseline 0.004 -13"><span class='ocrx_word' id='word_1_761' title='bbox 1182 2539 1227 2567; x_wconf 89' lang='lat' dir='ltr'>bis</span> <span class='ocrx_word' id='word_1_762' title='bbox 1248 2542 1364 2576; x_wconf 86' lang='lat' dir='ltr'>praeter</span> <span class='ocrx_word' id='word_1_763' title='bbox 1376 2543 1434 2566; x_wconf 88' lang='lat' dir='ltr'>tres</span> <span class='ocrx_word' id='word_1_764' title='bbox 1448 2538 1557 2576; x_wconf 85' lang='lat' dir='ltr'>primas</span> <span class='ocrx_word' id='word_1_765' title='bbox 1573 2541 1695 2578; x_wconf 83' lang='lat' dir='ltr'>paginas</span> <span class='ocrx_word' id='word_1_766' title='bbox 1710 2542 1811 2577; x_wconf 86' lang='lat' dir='ltr'>nullis,</span> <span class='ocrx_word' id='word_1_767' title='bbox 1832 2541 1963 2579; x_wconf 87' lang='lat' dir='ltr'>capitum</span> <span class='ocrx_word' id='word_1_768' title='bbox 1976 2542 2219 2580; x_wconf 79' lang='lat' dir='ltr'>inscriptionibus</span> 
     </span>
     <span class='ocr_line' id='line_1_104' title="bbox 1183 2580 2219 2621; baseline 0.005 -13"><span class='ocrx_word' id='word_1_769' title='bbox 1183 2586 1212 2609; x_wconf 90' lang='lat' dir='ltr'>et</span> <span class='ocrx_word' id='word_1_770' title='bbox 1230 2589 1390 2619; x_wconf 86' lang='lat' dir='ltr'>pausarum</span> <span class='ocrx_word' id='word_1_771' title='bbox 1404 2580 1496 2618; x_wconf 85' lang='lat' dir='ltr'>signis</span> <span class='ocrx_word' id='word_1_772' title='bbox 1519 2580 1591 2609; x_wconf 86' lang='lat' dir='ltr'>item</span> <span class='ocrx_word' id='word_1_773' title='bbox 1609 2582 1716 2618; x_wconf 88' lang='lat' dir='ltr'>nullis,</span> <span class='ocrx_word' id='word_1_774' title='bbox 1741 2584 1858 2621; x_wconf 87' lang='lat' dir='ltr'>punctis</span> <span class='ocrx_word' id='word_1_775' title='bbox 1884 2584 1962 2611; x_wconf 87' lang='lat' dir='ltr'>inter</span> <span class='ocrx_word' id='word_1_776' title='bbox 1985 2584 2146 2612; x_wconf 84' lang='lat' dir='ltr'>versiculos</span> <span class='ocrx_word' id='word_1_777' title='bbox 2167 2595 2219 2613; x_wconf 91' lang='lat' dir='ltr'>ru-</span> 
     </span>
     <span class='ocr_line' id='line_1_105' title="bbox 1185 2622 2219 2664; baseline 0.004 -14"><span class='ocrx_word' id='word_1_778' title='bbox 1185 2623 1254 2657; x_wconf 88' lang='lat' dir='ltr'>bris,</span> <span class='ocrx_word' id='word_1_779' title='bbox 1277 2622 1328 2651; x_wconf 90' lang='lat' dir='ltr'>sed</span> <span class='ocrx_word' id='word_1_780' title='bbox 1342 2632 1403 2651; x_wconf 86' lang='lat' dir='ltr'>non</span> <span class='ocrx_word' id='word_1_781' title='bbox 1418 2622 1528 2661; x_wconf 85' lang='lat' dir='ltr'>ubique</span> <span class='ocrx_word' id='word_1_782' title='bbox 1543 2623 1672 2660; x_wconf 77' lang='lat' dir='ltr'>adjectis.</span> <span class='ocrx_word' id='word_1_783' title='bbox 1685 2635 1687 2638; x_wconf 92' lang='lat'>·</span> <span class='ocrx_word' id='word_1_784' title='bbox 1718 2622 1822 2653; x_wconf 77' lang='lat' dir='ltr'>Codex</span> <span class='ocrx_word' id='word_1_785' title='bbox 1842 2626 2031 2664; x_wconf 77' lang='lat' dir='ltr'>inquinatus,</span> <span class='ocrx_word' id='word_1_786' title='bbox 2054 2625 2175 2655; x_wconf 81' lang='lat' dir='ltr'>detritus</span> <span class='ocrx_word' id='word_1_787' title='bbox 2190 2633 2219 2655; x_wconf 84' lang='lat' dir='ltr'>et</span> 
     </span>
     <span class='ocr_line' id='line_1_106' title="bbox 1185 2662 2214 2705; baseline 0.003 -12"><span class='ocrx_word' id='word_1_788' title='bbox 1185 2669 1312 2693; x_wconf 89' lang='lat' dir='ltr'>resartus</span> <span class='ocrx_word' id='word_1_789' title='bbox 1341 2670 1395 2693; x_wconf 90' lang='lat' dir='ltr'>est.</span> <span class='ocrx_word' id='word_1_790' title='bbox 1446 2662 1583 2692; x_wconf 87' lang='lat' dir='ltr'>Primum</span> <span class='ocrx_word' id='word_1_791' title='bbox 1605 2666 1713 2693; x_wconf 81' lang='lat' dir='ltr'>folium</span> <span class='ocrx_word' id='word_1_792' title='bbox 1738 2677 1806 2695; x_wconf 92' lang='lat' dir='ltr'>cum</span> <span class='ocrx_word' id='word_1_793' title='bbox 1837 2668 1932 2704; x_wconf 85' lang='lat' dir='ltr'>prima</span> <span class='ocrx_word' id='word_1_794' title='bbox 1961 2673 2060 2696; x_wconf 84' lang='lat' dir='ltr'>surata</span> <span class='ocrx_word' id='word_1_795' title='bbox 2088 2668 2214 2705; x_wconf 76' lang='lat' dir='ltr'>excidit3</span> 
     </span>
     <span class='ocr_line' id='line_1_107' title="bbox 1187 2706 2195 2748; baseline 0.003 -13"><span class='ocrx_word' id='word_1_796' title='bbox 1187 2706 1267 2746; x_wconf 85' lang='lat' dir='ltr'>quod</span> <span class='ocrx_word' id='word_1_797' title='bbox 1282 2707 1307 2735; x_wconf 88' lang='lat' dir='ltr'>si</span> <span class='ocrx_word' id='word_1_798' title='bbox 1323 2716 1450 2735; x_wconf 85' lang='lat' dir='ltr'>numero</span> <span class='ocrx_word' id='word_1_799' title='bbox 1463 2706 1738 2746; x_wconf 86' lang='lat' dir='ltr'>comprehenditur,</span> <span class='ocrx_word' id='word_1_800' title='bbox 1759 2720 1812 2748; x_wconf 86' lang='lat' dir='ltr'>pro</span> <span class='ocrx_word' id='word_1_801' title='bbox 1826 2710 1887 2738; x_wconf 89' lang='grc'>342</span> <span class='ocrx_word' id='word_1_802' title='bbox 1905 2709 1983 2738; x_wconf 85' lang='lat' dir='ltr'>foliis</span> <span class='ocrx_word' id='word_1_803' title='bbox 1996 2714 2064 2738; x_wconf 87' lang='lat' dir='ltr'>sunt</span> <span class='ocrx_word' id='word_1_804' title='bbox 2081 2712 2153 2738; x_wconf 86' lang='lat'><strong>343.</strong></span> <span class='ocrx_word' id='word_1_805' title='bbox 2193 2722 2195 2725; x_wconf 59' lang='lat'><strong>⁴</strong></span> 
     </span>
    </p>
   </div>
   <div class='ocr_carea' id='block_1_30' title="bbox 1638 2758 1709 2787">
    <p class='ocr_par' dir='ltr' id='par_1_32' title="bbox 1638 2758 1709 2787">
     <span class='ocr_line' id='line_1_108' title="bbox 1638 2758 1709 2787; baseline 0 0"><span class='ocrx_word' id='word_1_806' title='bbox 1638 2758 1709 2787; x_wconf 69' lang='lat'>45³</span> 
     </span>
    </p>
   </div>
  </div>
 </body>
</html>
