2482 3068
1166 195 1227 238 53

131 323 277 362 sigeberti
301 321 532 358 Gemblacensfs‚
557 323 606 361 qui
621 323 651 351 in
666 322 839 350 bibliotheca
855 321 992 349 Gotbana
1007 324 1168 348 asservatur
1205 320 1271 357 plic.
1292 320 1339 347 lib.
1355 320 1405 348 III.
1422 319 1471 346 sol.
1488 317 1538 350 86.
1553 319 1581 347 b.
1595 317 1639 346 his
1657 319 1763 346 verbis:
1787 315 1932 353 tangendo
1948 314 2035 355 siant.
2056 323 2087 343 m
2103 317 2243 344 uz'cz‘ornm

92 389 97 392 .
133 370 224 403 (num.
249 365 313 402 61.)
336 367 402 394 item
426 367 539 394 habitus
567 370 609 393 est
630 375 682 402 pro
707 364 888 403 autographo
915 363 1050 391 auctoris.

131 409 247 438 Pera-,ii
266 408 381 438 Archiv.
398 413 465 437 tom.
481 408 528 436 vl.
545 417 612 445 pag.
628 407 678 437 SO.

552 463 758 499 CLXXIII.

530 521 616 554 [περ.
635 521 656 547 1.
675 523 700 547 4.
720 521 779 553 τᾶ]

130 568 231 596 Codex
247 568 481 595 membranaceus
496 576 569 594 saec.
585 567 663 594 XIII.
679 566 773 593 folior.
789 561 839 593 41.
879 562 1068 590 continetur:

214 609 439 638 Mite-»immoni
470 610 608 636 Hoxonn
632 609 938 636 Anocsroonnnmsts
969 611 1168 638 ’rinc-mres,

133 659 187 685 qm
209 659 354 679 VOCATUR
371 659 479 678 cLAvls
496 658 662 678 rnrsmnn.
707 650 797 686 Incip.
821 656 902 675 omne
925 652 1019 673 antem
1041 644 1119 683 quod
1138 646 1170 672 in

129 703 166 720 ea
186 703 245 720 non
257 692 339 731 fecit
359 693 392 720 in
412 702 447 720 ea
462 689 598 731 sustinet
618 695 671 720 cet.
714 691 825 728 Explic.
840 695 872 716 ut
893 689 924 715 fn
941 688 1050 716 lumine
1065 685 1171 726 sancti

124 732 267 774 spiritns
283 734 379 763 lumen
394 741 512 770 patrem
532 732 691 761 uideamus.
731 731 782 760 M.
797 731 861 770 fiat
875 730 949 767 fiat.
994 731 1058 757 Fol.
1075 729 1125 758 41.
1143 731 1168 757 b.

129 786 147 805 a
163 786 250 805 manu
265 779 424 805 recentiore
445 777 518 804 haec
539 777 626 803 verba
647 776 799 811 leguntur:
839 771 934 801 Liber
962 769 1023 811 iste
1040 772 1169 807 pertinet

130 817 255 847 cenobio
276 818 342 847 diui
359 818 394 846 V
389 818 498 847 dalrici
513 816 597 854 apud
612 814 787 855 Augustam
810 813 1031 844 Vindelicorum
1051 811 1172 853 Eckz‘uJ

125 858 253 901 scripsit
278 859 369 891 1515.

216 904 409 941 Deperierunt
423 902 508 930 huius
524 902 637 929 Codicis
654 900 751 938 priora
774 899 845 927 solia
862 897 938 935 1423
963 908 980 926 a
1003 907 1070 936 pag.
1094 898 1169 925 enim

131 944 204 975 143.
220 946 374 983 incipitur,
392 948 422 971 ut
436 944 548 971 numeri
563 943 682 979 antiqua
697 951 801 977 manu,
817 942 882 968 licet
898 950 957 968 non
973 941 1090 976 eadem,
1114 949 1170 976 qua

131 988 232 1015 Codex
243 1007 252 1022 ‚
267 987 364 1024 scripti
381 986 494 1013 docent.
538 985 633 1011 Totus
648 984 735 1021 igitur
750 983 853 1011 Codex
874 982 929 1009 suit
948 982 1082 1009 soliorum
1101 980 1170 1011 183.

129 1030 269 1056 Servatur
297 1028 392 1055 adhuc
415 1027 445 1054 in
474 1027 523 1054 illo
554 1026 662 1054 Codice
685 1026 807 1063 epistola
828 1022 974 1052 Andreae
1003 1023 1124 1061 Erasnn'
1153 1033 1172 1051 a

129 1069 248 1105 Semel,
270 1070 317 1107 qui
334 1069 370 1096 (le
385 1069 434 1096 illo
450 1069 522 1096 haec
538 1068 572 1095 ad
591 1068 746 1095 Curatores
761 1067 960 1094 Bibliothecae
976 1071 1091 1093 nostrae
1107 1075 1172 1103 per-

133 1113 264 1150 scripsit:
288 1132 308 1147 „
319 1112 381 1138 Hoc
395 1110 589 1147 fragmentum
605 1110 853 1136 membranaceum
871 1113 954 1135 vetus
970 1112 1012 1135 est
1033 1117 1067 1134 ex
1084 1116 1171 1144 opere

134 1154 259 1182 llonorii
274 1152 461 1188 Philosophi,
484 1152 565 1178 cuius
588 1151 679 1187 prior,
708 1160 767 1177 non
791 1150 900 1185 similis,
923 1149 973 1176 sed
990 1149 1075 1185 plane
1097 1149 1171 1176 eius-

131 1196 197 1223 dem
224 1193 393 1231 exemplaris
415 1202 498 1230 pars,
514 1193 555 1219 uti
572 1202 607 1219 ex
625 1192 780 1219 collatione
795 1192 923 1227 patebit,
942 1200 958 1216 a
973 1200 1018 1217 me
1033 1191 1090 1216 iam
1105 1199 1171 1226 pos-

130 1237 259 1271 sidetur,
281 1244 367 1272 quam
383 1234 591 1268 Nol-imbergae
606 1233 662 1258 hoc
684 1240 781 1258 mense
802 1235 903 1257 nactus
926 1240 998 1257 sum.
1050 1231 1088 1257 Et
1105 1240 1171 1266 pre-

131 1288 198 1313 cor,
227 1278 250 1304 si
275 1276 333 1302 ullo
358 1274 441 1301 modo
464 1274 526 1300 fieri
547 1273 651 1309 possit,
674 1276 704 1298 ut
726 1281 862 1308 praesens
883 1271 1077 1308 fragmentum
1099 1276 1171 1298 tam-

131 1328 218 1356 quam
239 1316 429 1349 accessorium
450 1315 526 1352 parti
547 1323 616 1341 suae
640 1314 746 1351 potiori
767 1313 866 1348 cedat,
902 1318 930 1340 et
958 1318 1075 1350 paratus
1097 1322 1170 1348 sum,

130 1361 204 1388 illud
218 1360 264 1387 vel
278 1358 371 1396 pretio
394 1357 438 1384 vel
454 1357 511 1384 alia
526 1356 651 1392 quadam
667 1356 834 1382 membrana
854 1355 942 1382 veteri
967 1355 1124 1390 redimere,
1148 1355 1170 1381 si

130 1403 171 1430 ita
187 1402 277 1429 visum
292 1399 380 1426 suerit
394 1398 527 1426 Dominis
543 1397 743 1424 Provisoribus
765 1396 973 1424 Bibliothecae.
1018 1397 1170 1424 Caeterum

130 1444 187 1471 hoc
208 1442 399 1479 fragmentum
415 1440 564 1477 Lipsiense
585 1440 631 1466 vix
654 1439 704 1466 ulli
726 1439 789 1465 usui
806 1438 984 1465 Vestratibus
1011 1447 1071 1465 esse
1090 1442 1171 1475 pote-

131 1486 185 1521 rit,
209 1484 278 1512 mihi
300 1487 395 1510 autem
419 1491 487 1508 sane
502 1482 624 1508 maximo
641 1481 796 1508 editionem
821 1489 941 1516 operum
968 1480 1090 1507 Honorii
1113 1480 1171 1506 Au-

130 1525 353 1564 gustodunensis
373 1523 544 1560 Philosophi
567 1523 695 1550 Solitarii
716 1522 875 1549 meditanti.
924 1522 1053 1549 Vocatur
1076 1526 1171 1549 autem

130 1568 178 1596 hic
194 1568 349 1595 Tractatus
370 1565 405 1592 ab
428 1565 555 1592 Auctore
577 1565 671 1592 Clavis
686 1564 844 1600 Physicae‚
868 1567 896 1591 et
917 1564 1007 1591 multa
1022 1564 1171 1601 praeclara

131 1610 168 1638 de
183 1608 277 1637 'rebus
300 1607 403 1636 divinis
427 1607 528 1641 tmdit,
552 1616 605 1643 per
626 1606 741 1633 modum
758 1605 985 1641 colloquentium
1000 1606 1128 1642 Magistri
1144 1610 1172 1632 et

130 1651 292 1689 Discipuli,
319 1658 373 1677 nec
404 1649 535 1676 indoctus
557 1648 613 1675 suit
631 1649 684 1675 iste
706 1648 852 1674 Honorius
876 1647 991 1683 linguae
1008 1646 1171 1674 (ii-aecae.“

652 1689 781 1716 Andreas
798 1689 933 1715 Erasmus
949 1698 965 1715 a
981 1689 1088 1717 Seidvl.

215 1733 392 1761 Litterarum
414 1732 597 1759 characteres
621 1732 650 1758 in
673 1731 727 1757 hoc
743 1730 840 1757 codice
856 1731 923 1756 satis
939 1735 1006 1757 sunt
1022 1730 1171 1765 luculenti,

131 1776 225 1804 lineae
240 1775 305 1802 stilo
330 1775 448 1810 ductae,
473 1773 595 1810 margini
611 1777 698 1800 notae
714 1771 875 1808 adscriptae
896 1771 1009 1799 duabus
1029 1772 1172 1808 manibus,

131 1826 255 1855 quarum
270 1816 362 1844 altera
377 1820 419 1843 est
434 1815 571 1852 antiqua,
593 1815 683 1842 altera
699 1814 851 1851 recentior.

554 1872 759 1924 CLXXIV.

515 1946 602 1979 [Rep.
622 1946 656 1970 n.
675 1947 700 1970 4.
721 1944 799 1977 ιρι]

132 1991 232 2020 Codex
246 1991 481 2019 membranaceus
496 2001 570 2020 saec.
586 1991 662 2019 XIII.
682 1989 916 2027 inscriptionibus
926 1993 954 2016 et
968 1989 1069 2016 litteris
1079 1989 1173 2016 initia-

174 2034 248 2061 libus
273 2034 360 2060 minio
384 2034 513 2071 scriptis,
535 2042 593 2060 una
614 2034 700 2060 etiam
723 2031 787 2068 (soll.
809 2032 838 2060 2.
863 2030 903 2066 a.)
930 2032 997 2058 satis
1021 2031 1173 2058 artificiose

175 2075 268 2112 picta,
290 2076 464 2111 argumentis
490 2077 577 2102 rubro
603 2075 707 2112 passim
733 2075 762 2100 in
786 2073 914 2109 margine
940 2073 1062 2108 notatis,
1091 2073 1173 2099 lineis

174 2117 361 2153 plumbagine
381 2117 483 2153 (luctis,
499 2117 636 2144 soliorum
654 2117 721 2143 satis
743 2124 903 2142 crassorum
919 2113 976 2150 87,
999 2124 1123 2151 quorum
1147 2113 1172 2143 1.

142 2171 144 2173 ’
175 2162 204 2185 et
218 2157 268 2187 87.
285 2167 310 2185 a.
327 2159 469 2195 scriptura
491 2163 600 2186 vacant.
645 2158 757 2190 Quibus
779 2157 807 2183 in
831 2155 1010 2183 bibliothecis
1035 2156 1101 2183 olim
1128 2156 1173 2182 hic

174 2200 248 2227 liber
261 2200 359 2236 suerit,
375 2201 426 2227 sol.
442 2200 472 2228 2.
483 2210 509 2227 a.
526 2205 554 2227 et
568 2199 618 2230 87.
631 2201 658 2226 b.
676 2200 789 2236 legitur.
835 2198 893 2224 Illic
909 2198 983 2224 euim
1000 2198 1173 2235 pallescente

140 2258 143 2259 ν
176 2246 336 2269 atramento
351 2242 457 2279 scripta
477 2243 565 2269 verba
586 2242 736 2278 leguntur:
761 2239 942 2267 Monasterti
967 2238 1000 2266 S.
1037 2237 1174 2267 Uclulrici

175 2282 352 2318 Augustae‚·
367 2283 413 2310 hic
429 2288 525 2311 autem
539 2283 703 2320 antiquiore
718 2292 804 2310 manu
824 2282 901 2318 picta
916 2282 1002 2308 verba
1017 2286 1173 2319 apparent:

176 2322 236 2364 iste
257 2335 282 2353 e.
306 2323 356 2353 lib.
380 2323 414 2352 S.
438 2323 588 2364 iohannis.
613 2323 639 2352 b.
664 2325 685 2353 ἰ.
703 2322 879 2363 Jiaigaden.
904 2323 1090 2350 Continetur:

217 2367 318 2395 Pn'rni
335 2367 505 2395 Lommnnl
523 2375 777 2395 snivrnwrmnun
795 2373 1030 2393 mmmmwrun.
1055 2365 1172 2392 Titulus

136 2416 277 2445 nusquam
292 2409 406 2445 legitur.
450 2409 589 2447 Incipitur
604 2418 620 2436 a
637 2409 728 2435 verbis
753 2408 859 2435 ultimis
875 2406 939 2433 libri
955 2406 989 2433 II.
1006 2416 1080 2443 quae
1096 2411 1174 2433 tran-

136 2449 220 2477 situm
234 2456 337 2488 parant
353 2451 389 2478 ad
405 2451 510 2478 librum
524 2451 574 2478 ΠΙ.
616 2449 683 2478 Iam
698 2460 776 2478 nunc
796 2446 853 2488 lu's
865 2446 1075 2487 intelligendzs
1089 2454 1175 2485 atque

131 2490 364 2531 pertractandis
385 2502 439 2530 que
468 2491 511 2520 ad
537 2491 620 2520 uerbi
648 2493 798 2520 incarnati
833 2491 997 2529 misterium
1024 2491 1173 2525 pertinent

134 2533 250 2568 integra
270 2532 383 2573 mentis
395 2533 631 2573 consideratione
644 2531 841 2573 intendamus
854 2539 885 2561 ut
906 2531 942 2560 de
967 2531 1175 2572 ineffabilibus

135 2574 279 2603 modicum
309 2576 425 2615 aliquid
445 2577 522 2615 fari
549 2576 602 2605 deo
630 2577 778 2605 reuelante
810 2572 977 2613 ualeamus.
1029 2575 1174 2612 Exscripsi

135 2617 247 2653 integra
262 2617 332 2646 haec
348 2620 452 2655 verba,
476 2621 586 2657 quippe
610 2620 688 2657 quod
711 2620 760 2647 illa
784 2619 813 2646 in
835 2619 903 2647 edit.
947 2617 1034 2645 Basil.
1051 2617 1174 2652 Res-lein,

135 2667 210 2695 quae
227 2659 295 2686 mihi
312 2670 367 2687 una
383 2662 418 2688 ad
435 2671 550 2688 manum
567 2666 627 2697 est,
650 2671 707 2688 non
730 2661 855 2689 invenio.
899 2659 983 2691 Quae
1007 2663 1116 2686 restant
1139 2658 1175 2685 de

135 2700 207 2727 libro
225 2702 325 2736 tertio,
348 2702 532 2730 inveniuntur
547 2704 596 2730 illa
611 2704 641 2730 in
657 2703 702 2730 ed.
720 2703 738 2731 1.
790 2702 925 2738 Pergitur
947 2700 1022 2727 enim
1037 2701 1094 2728 sie:
1123 2699 1175 2728 Sic

133 2743 210 2770 enim
232 2741 371 2783 rationis
385 2742 456 2772 ordo
474 2742 610 2784 postulat
631 2751 662 2773 ut
684 2745 735 2784 qui
759 2745 789 2773 ἰη
803 2745 903 2781 primo
918 2740 996 2770 libro
1019 2746 1072 2771 cet.
1115 2742 1174 2770 Ex-

1100 362 1166 390 Yid.
1196 362 1272 400 s'ere
1295 361 1346 398 [sic
1361 361 1446 388 habet
1464 361 1599 388 mendose
1615 360 1678 388 coil.
1695 371 1746 397 pro
1764 370 1816 396 eo,
1836 360 1914 397 quod
1931 360 1959 386 in
1976 359 2020 386 ed.
2038 359 2114 385 laud.
2140 360 2245 394 legitur

1197 403 1296 442 feces]
1320 402 1500 430 occidamur.
1546 403 1622 429 'I'um
1639 403 1780 429 accedunt
1795 402 1890 428 adhuc
1907 402 2010 436 verba,
2041 409 2115 436 quae
2136 394 2179 426 ad*
2196 401 2243 427 lib.

1206 446 1254 473 [V.
1272 446 1430 482 pertinent:
1457 444 1515 472 llis
1536 445 1669 472 tractatis
1691 454 1744 481 qne
1766 442 1808 472 (ed
1837 442 1999 471 doctrinam
2027 451 2125 469 rernm
2150 443 2246 476 perti-

1205 494 1281 515 nent.
1302 485 1405 524 quibus
1424 485 1594 525 fruendum
1623 483 1669 524 est
1698 492 1724 513 et
1761 484 1866 523 quibus
1895 483 2032 512 utendum
2061 481 2107 522 est
2137 489 2163 510 el
2193 493 2246 520 que

1201 530 1351 569 fruuntur
1366 536 1391 558 et
1406 535 1526 557 utantur
1539 527 1581 558 act
1595 526 1757 556 doctrinam
1771 526 1932 568 signorum
1954 525 2195 554 ACCEDAMYS.
2209 541 2244 546 -

1639 610 1822 646 CLXXV.

1578 668 1666 702 [Rep.
1684 669 1718 694 II.
1747 669 1790 695 fol.
1807 668 1871 700 51]

1207 721 1308 749 Codex
1331 721 1499 751 chartaceus
1522 722 1623 749 ineunt
1648 732 1721 750 saec.
1736 721 1800 749 XV.
1823 724 1971 755 exaratus,
1998 719 2140 755 scriptura
2161 718 2246 750 louge

1248 765 1400 791 maximam
1426 770 1537 802 partem
1561 764 1588 791 in
1612 764 1682 791 (luas
1705 764 1852 791 columnas
1877 762 1983 796 divisa,
2013 760 2246 797 inscriptionibus

1249 811 1277 833 et
1292 806 1550 843 subscriptioniluis
1566 806 1644 832 milto
1668 806 1766 842 pictis,
1791 804 1891 831 litteris
1910 803 2064 829 initialibus
2089 803 2174 828 rubro
2197 805 2247 827 aut

1250 848 1382 875 caeruleo
1399 848 1522 884 scriptis.
1568 848 1651 874 Folia
1669 847 1755 874 habet
1769 846 1848 881 223,
1880 854 2002 882 quorum
2024 842 2051 872 1.
2069 844 2095 871 b.
2122 842 2151 871 3.
2170 844 2195 869 b.
2215 841 2245 869 4.

1249 888 1322 918 213.
1340 890 1366 916 b.
1384 894 1411 917 et
1424 888 1495 919 223.
1518 891 1661 926 scriptura
1686 893 1797 915 vacant.
1842 887 1905 915 Fol.
1932 884 1958 914 1.
1981 895 2007 913 a.
2030 885 2116 911 index
2142 884 2244 919 legitur

1250 940 1350 958 eorum
1366 941 1440 968 quae
1457 932 1485 958 in
1502 931 1556 958 hoc
1572 931 1670 958 codice
1682 930 1841 964 liabentur3
1864 928 2002 955 nonnulla
2025 930 2121 953 tamen
2145 925 2248 951 omissa

1249 978 1325 1001 sunt.
1383 974 1524 1010 Manipuli
1546 973 1748 1000 duodenorum
1778 972 1914 998 soliorum
1947 968 2113 996 custodibus
2144 966 2247 1003 signati

1250 1019 1326 1042 sunt.
1371 1015 1517 1042 Contenta
1532 1024 1598 1042 vero
1616 1015 1643 1041 in
1660 1014 1715 1041 hoc
1732 1014 1874 1040 volumine
1890 1012 1962 1039 haec
1977 1015 2057 1037 sunt:

1228 1063 1261 1100 a)
1300 1064 1367 1100 [sol.
1392 1066 1422 1094 2.
1444 1075 1461 1092 a
1486 1082 1522 1087 —
1547 1064 1576 1094 3.
1602 1063 1643 1100 a.]
1705 1064 1872 1090 'I‘nmix'rii
1907 1069 1992 1089 nou-1
2024 1066 2172 1086 ΒΕΓ-ΠΛΡ)
2206 1065 2245 1085 An

1293 1115 1483 1134 onA‘riong
1507 1114 1634 1134 onnam-2
1657 1112 1885 1139 lcxroxnxnnm,
1906 1112 1946 1130 Ex
1962 1102 2114 1129 Prmom:
2133 1107 2248 1127 {excen-

1293 1156 1387 1176 ΡΤΑΕ.
1432 1149 1539 1175 Auctor
1555 1149 1618 1184 quis
1634 1148 1669 1174 sit
1691 1156 1749 1174 non
1768 1147 1881 1182 legitur.
1932 1143 2080 1180 Inscriptio
2102 1142 2174 1168 haec
2189 1145 2247 1168 est:

1292 1188 1332 1216 In
1352 1189 1437 1217 rebus
1457 1191 1520 1217 siue
1550 1190 1689 1216 maximis
1715 1190 1779 1215 siue
1808 1187 1934 1214 mim'mz's
1961 1194 2062 1212 nomen
2084 1182 2145 1210 Dei
2167 1183 2248 1209 inno-

1291 1230 1417 1258 candum
1438 1237 1489 1258 est.
1533 1230 1619 1257 Plato
1650 1231 1681 1257 in
1706 1227 1839 1264 plicdottc
1861 1227 2024 1255 Lanrencii
2049 1224 2136 1252 Valla
2157 1222 2250 1251 rheto-

1290 1274 1335 1300 ris
1364 1272 1399 1300 de
1427 1273 1539 1300 ratione
1566 1270 1682 1300 dicendi
1702 1277 1860 1307 praecepta
1890 1268 1932 1297 acl
1959 1269 2119 1296 orationem
2149 1272 2250 1294 ornate

1292 1314 1499 1350 exponendam
1527 1314 1667 1354 feliciter
1710 1314 1848 1341 intexuit.
1907 1311 2011 1338 Prima
2054 1308 2158 1344 regula
2195 1313 2248 1335 cet.

1292 1358 1405 1394 Explic.
1435 1358 1621 1394 subscriptio:
1651 1363 1678 1383 tc
1715 1362 1741 1383 et
1772 1353 1943 1391 perdoctum
1975 1359 2001 1380 et
2028 1348 2250 1389 petfacundam

1291 1398 1434 1438 efficiant.
1453 1417 1489 1422 —
1524 1400 1602 1426 Haec
1617 1408 1634 1426 a
1649 1408 1735 1426 manu
1752 1399 1852 1425 ceteris
1868 1397 1954 1434 paulo
1972 1395 2129 1423 recentiore
2145 1394 2251 1429 scripta

1291 1447 1367 1470 sunt.

1292 1484 1327 1520 [a
1349 1484 1398 1512 sol.
1424 1484 1452 1513 5.
1476 1493 1493 1511 a
1511 1501 1546 1504 —
1566 1481 1635 1512 162).
1657 1481 1701 1518 b.]
1737 1482 1838 1509 Pirrnl
1867 1480 2042 1507 Bmsmsxs
2074 1484 2250 1504 nxusronmn

1294 1526 1461 1554 CLXXXII.
1480 1525 1567 1562 [non,
1589 1530 1659 1561 quot
1674 1525 1703 1551 in
1720 1524 1846 1551 editione
1867 1523 1896 1549 in
1917 1520 2055 1547 Biblioth.
2081 1519 2158 1545 Patr.
2175 1518 2250 1544 Max.

1293 1573 1362 1596 tom.
1378 1568 1481 1594 XXIV.
1506 1576 1572 1604 pag.
1589 1566 1651 1596 930
1668 1583 1704 1587 ——
1723 1565 1812 1595 1077.
1835 1566 1970 1601 leguntur
1993 1560 2177 1595 (LXXXIII,
2199 1568 2252 1585 nee

1292 1610 1394 1637 eodem
1411 1619 1468 1645 quo
1487 1609 1543 1635 illic.
1560 1608 1661 1636 ordine
1677 1605 1852 1645 dispositae]-
1904 1603 2055 1640 Inscriptio
2072 1602 2159 1628 rubro
2176 1601 2252 1638 picta

1293 1651 1365 1678 haec
1381 1656 1436 1678 est:
1452 1650 1562 1685 Incipit
1578 1649 1733 1685 epistolare
1749 1648 1883 1684 „mgistri
1891 1647 1971 1682 petri
1994 1640 2172 1682 Bletts'cttsis
2188 1640 2252 1669 Ba-

1292 1690 1457 1731 thom‘ensis
1479 1691 1703 1727 archiepiscopi.
1747 1691 1878 1728 Epistola
1894 1690 1985 1726 prima
2002 1686 2126 1713 Henrico
2144 1685 2176 1711 Il.
2193 1685 2251 1711 An-

1293 1736 1405 1772 glorum
1431 1735 1504 1771 Izi-gi
1529 1736 1636 1771 scripta
1660 1733 1745 1771 [qitae
1771 1734 1856 1760 etiam
1881 1732 1910 1757 in
1934 1730 1979 1757 ed.
2001 1729 2020 1755 1.
2052 1727 2251 1754 collectionem

1294 1777 1481 1814 epistolarum
1503 1777 1582 1804 Petri
1597 1777 1673 1803 Bles.
1697 1774 1807 1812 incipit]
1832 1773 1918 1809 incip.
1969 1769 2103 1806 Rogatus
2129 1778 2148 1796 (ι
2174 1765 2252 1795 vobis

1295 1818 1438 1857 epistolas
1469 1829 1541 1856 quas
1566 1819 1679 1853 passim.
1710 1823 1737 1843 et
1775 1817 1868 1843 variis
1897 1812 2001 1840 dii-exi
2027 1811 2164 1847 personis
2197 1814 2250 1837 cet.

1295 1862 1433 1888 (Iollectio
1449 1861 1552 1888 harum
1569 1860 1755 1897 epistolarum
1772 1859 1875 1895 explic.
1890 1866 1947 1883 non
1964 1861 2044 1883 nocet
2063 1850 2159 1891 adsso
2173 1849 2252 1890 sub-

1294 1901 1363 1930 dere
1385 1902 1484 1930 calcar
1506 1912 1595 1940 equo:
1630 1900 1752 1929 Valete:
1776 1899 1859 1936 [haec
1874 1899 1960 1925 verba
1983 1901 2049 1924 sunt
2069 1895 2205 1932 epistolae
2223 1894 2252 1920 in

1295 1945 1342 1972 ed.
1366 1946 1443 1973 laud.
1466 1943 1611 1980 XXM'L]
1664 1943 1844 1979 Subscriptio
1874 1941 1946 1967 haec
1971 1944 2028 1967 est:
2066 1935 2252 1972 Expliciuut

1295 1985 1358 2022 cple
1380 1986 1417 2014 P.
1443 1983 1604 2025 Blensens
1618 1983 1794 2012 Bntlwnien.
1839 1980 2067 2010 Archidiacont.

1293 2028 1325 2065 [a
1346 2030 1397 2057 sol.
1421 2028 1489 2059 163.
1517 2038 1533 2056 a
1555 2044 1592 2048 —
1612 2027 1680 2057 172.
1705 2037 1730 2054 a.
1757 2026 1881 2053 column.
1914 2023 1957 2059 b.]
2017 2023 2159 2049 Eirsnnu
2177 2028 2252 2047 con-

1296 2079 1437 2099 rnxnum
1456 2079 1554 2099 surnn
1570 2070 1677 2097 Ionmi.
1710 2069 1800 2105 lncip.
1824 2066 1851 2102 [a
1866 2063 2025 2104 prooemio]
2049 2062 2183 2089 Henm'co
2203 2059 2253 2087 dei

1291 2114 1394 2148 gratia
1421 2109 1641 2151 Illafirifsi'mo
1668 2116 1722 2140 cet.
1765 2110 1878 2147 Explic,
1906 2104 2066 2143 triumphat
2093 2110 2121 2133 et
2148 2108 2252 2139 regnat

1297 2156 1329 2182 ῐιι
1342 2155 1451 2193 J'ecula
1468 2153 1638 2193 chulorum
1660 2163 1754 2180 amen.

1297 2197 1326 2234 [a
1348 2198 1398 2225 sol.
1426 2197 1494 2226 122.
1519 2207 1545 2224 a.
1571 2197 1624 2224 col.
1648 2196 1665 2222 b
1690 2212 1724 2216 —
1751 2192 1874 2228 1'72.b.]
1928 2192 2073 2219 Emsnnn
2096 2197 2251 2218 must-om

1297 2247 1433 2274 ALIQUA,
1454 2240 1484 2266 in
1508 2248 1565 2275 qua
1587 2247 1616 2265 se
1638 2241 1743 2274 purgat
1762 2234 1906 2263 calumnia
1932 2233 2120 2269 quorumdam
2137 2233 2186 2268 qui
2209 2232 2252 2258 di-

1296 2282 1447 2317 vulgnrunt
1465 2290 1529 2308 eum
1552 2284 1652 2306 contra
1676 2279 1755 2306 loan.
1772 2277 1947 2314 Episcopum
1963 2275 2182 2308 Gai-notensem,
2200 2282 2252 2310 pro

1295 2323 1499 2359 Praepositum
1527 2321 1700 2348 Carnotensi
1732 2319 1858 2346 subsidia
1881 2318 2011 2353 Regum,
2049 2316 2193 2343 Comitum
2225 2319 2254 2341 et

1295 2365 1393 2401 Papae
1418 2364 1587 2400 implorasse
1613 2367 1666 2389 cet.
1710 2361 1761 2388 Est
1789 2360 1861 2387 haec
1887 2359 1915 2385 in
1942 2358 2110 2385 collectione
2135 2366 2201 2393 epp.
2224 2357 2253 2382 in

1295 2406 1421 2434 Maxima
1452 2405 1590 2433 Biblioth.
1613 2404 1691 2431 Patr.
1726 2403 1812 2429 Tom.
1846 2400 1946 2428 XXIV.
1980 2398 2048 2428 130.
2071 2408 2136 2435 pag.
2162 2396 2251 2427 1041.

1971 2441 2082 2478 Explic.
2110 2441 2161 2477 qni
2190 2448 2253 2467 eum

1229 1480 1259 1520 I²>

1232 2194 1266 2233 ἆ)

1294 2449 1384 2484 Incip.
1413 2446 1536 2474 Audiui
1560 2452 1586 2474 et
1615 2443 1748 2472 turbatus
1775 2453 1837 2471 sum
1868 2446 1921 2470 cet.

1295 2488 1423 2524 diligunt
1450 2500 1492 2517 ex
1522 2487 1645 2528 affectu.

1297 2531 1331 2568 [a
1346 2532 1397 2560 sol.
1416 2532 1484 2561 173.
1500 2541 1516 2558 a
1531 2547 1573 2550 —
1591 2529 1660 2560 177.
1683 2538 1708 2556 a.
1731 2528 1783 2555 col.
1808 2525 1853 2562 b.]
1896 2525 2040 2553 Emsnmi
2067 2531 2254 2551 TRAcrA‘rrs

1295 2583 1334 2602 ω]
1352 2582 1564 2601 coxensswxn
1592 2578 1763 2600 FACIENDA.
1806 2568 1898 2605 Iucip.
1928 2565 2054 2601 Rogasti
2083 2575 2126 2593 me
2148 2571 2179 2592 m
2201 2563 2255 2591 tihi

1296 2613 1412 2652 aliquid
1433 2620 1487 2643 cet.
1530 2614 1643 2652 Explic.
1667 2610 1745 2649 quod
1773 2609 1855 2638 nobis
1886 2608 2024 2637 conce-dat
2052 2608 2104 2646 qui
2134 2607 2208 2635 uiuit
2227 2612 2254 2634 et

1295 2663 1401 2690 regnat
1423 2655 1494 2684 dens
1511 2667 1569 2692 per
1590 2656 1687 2683 omnia
1703 2651 1775 2693 [οἷα
1791 2650 1878 2692 sclor
1898 2662 1991 2679 amen.

1224 2698 1272 2740 f)
1298 2699 1326 2737 [a
1342 2700 1392 2727 sol.
1412 2698 1480 2728 177.
1497 2708 1522 2728 a.
1539 2699 1593 2726 col.
1610 2699 1626 2724 b
1643 2713 1680 2717 ·-
1702 2696 1768 2725 178.
1787 2695 1824 2730 b.]
1856 2695 1998 2722 Ezesonu
2017 2701 2056 2720 m:
2080 2699 2253 2719 ronsirnx-

1296 2750 1350 2771 Tm
1374 2749 1587 2771 IMURGERDA.
1641 2739 1730 2776 Incip.
1761 2736 1863 2765 Nimia
1892 2737 1935 2764 tm‘
1965 2735 2072 2771 rigoris
2099 2733 2254 2761 austeritas
