2482 3068
1170 167 1286 199 xvm
1300 213 1329 216 —

160 270 227 299 iure
249 279 450 307 speraveram
467 268 494 309 Ι,
520 280 590 298 esse
616 269 699 299 inter
722 268 815 307 illos,
839 279 971 308 quorum
996 269 1168 308 descriptio
1192 269 1351 308 prioribus
1372 268 1446 300 libri
1470 269 1532 298 mei
1557 266 1693 307 plagulis
1717 267 1887 298 inserenda
1910 273 1988 299 erat.
2033 268 2126 299 Alios
2149 269 2285 307 denique

158 319 284 348 codices
310 320 431 356 serius,
469 330 562 357 quam
590 323 626 349 ut
654 329 711 349 suo
741 319 812 349 loco
845 319 1025 349 describere
1055 322 1248 359 potuissem,
1286 331 1305 350 a
1334 319 1426 350 libris
1456 317 1545 357 prelo
1576 318 1706 347 excusis
1737 318 1893 349 disiunxi.
1946 318 1982 349 Id
2005 330 2036 349 v.
2061 330 2089 349 c.
2116 318 2232 349 accidit
2255 319 2285 348 ei

158 369 261 398 codici
285 370 473 408 Satyrarum
498 368 677 408 Iuvenalis,
709 380 802 408 quem
825 369 883 400 sub
907 380 994 400 num.
1018 369 1213 401 DCCCLV.
1236 370 1407 409 descripsi3
1446 370 1473 399 is
1498 369 1582 398 enim
1606 378 1676 397 cum
1702 367 1778 397 edit.
1810 367 1956 399 Terentii
1983 368 2149 411 [Venetiis
2174 368 2285 410 1480]

158 418 319 449 Iuvenalis
345 418 439 460 [ibid.
463 418 572 460 1483]
605 423 637 450 et
659 419 763 450 Persii
787 418 881 460 [ibid.
902 419 1012 462 1482]
1045 422 1233 451 coniunctus
1257 424 1337 450 erat.
1367 437 1409 441 —
1444 417 1535 455 Quae
1566 428 1661 457 quum
1690 418 1735 447 ita
1763 423 1889 457 essent,
1927 430 1964 449 eo
1998 418 2068 457 plus
2098 418 2285 460 diligentiae

157 468 361 499 adhibuimus
385 469 484 499 indici
507 471 613 508 operis
637 469 856 504 conficiend03
888 474 1036 501 accurato
1061 472 1146 502 enim
1170 471 1275 501 indice
1299 470 1408 501 addito
1433 479 1620 509 persuasum
1644 468 1735 498 nobis
1760 472 1829 499 erat
1851 470 2008 500 minutum
2030 470 2069 500 iri
2094 480 2194 508 pauca
2215 469 2285 508 illa,

158 529 238 558 quae
263 530 325 549 non
351 523 461 549 nostra
486 520 614 558 quidem
638 519 732 559 culpa
755 520 959 560 acciderunt,
983 521 1196 552 incommoda.

285 576 346 615 Iis,
380 588 459 616 quae
483 578 516 607 in
540 577 687 619 catalogo
711 578 750 610 de
772 578 907 620 singulis
930 580 1094 611 codicibus
1119 581 1265 616 narravi,
1301 578 1447 609 addenda
1470 577 1626 608 nonnulla
1650 580 1742 615 sunt,
1781 588 1862 616 quae
1892 583 1947 609 aut
1969 579 2088 609 inscius
2112 578 2207 608 omisi
2231 581 2286 607 aut

156 631 223 657 tum
250 627 376 658 demum
400 629 576 659 amicorum
598 631 729 660 monitis
753 630 885 661 edoctus
910 640 997 669 sum,
1037 641 1132 670 quum
1162 640 1241 669 opus
1273 631 1336 660 iam
1368 630 1400 659 in
1432 628 1536 659 lucem
1561 629 1713 658 emissum
1738 632 1832 658 esset.
1886 628 2056 659 Praeterea
2081 628 2287 659 indicandum

156 678 253 707 etiam
275 681 341 716 est,
368 678 497 716 quinam
520 679 583 709 viri
606 679 692 711 docti
715 680 879 711 codicibus
901 683 1019 713 nostris
1039 683 1091 713 usi
1112 682 1253 720 fuerint,
1286 691 1381 719 quum
1404 679 1486 709 liber
1511 689 1600 709 meus
1624 677 1712 717 prelo
1738 678 1964 709 excuderetur.
2008 678 2166 710 Addenda
2189 679 2287 719 igitur

158 726 237 757 haec
261 732 355 758 sunt:

284 777 336 808 Ad
360 777 461 808 Codd.
484 778 544 809 IV.
569 782 601 809 et
619 778 663 811 V.
685 797 727 802 —
757 778 810 810 Ad
833 779 891 812 hos
915 779 1015 812 libros
1040 791 1153 812 censor
1177 780 1316 821 catalogi
1340 781 1403 811 mei
1426 781 1459 811 in
1482 777 1750 819 Ephemeridibus
1773 777 1970 809 Halensibus
1995 778 2105 820 [1838.
2130 790 2215 810 num.
2234 782 2287 810 92.

155 838 227 868 pag.
248 827 337 870 136]
362 827 441 859 haec
465 829 649 859 adnotavit:
674 829 794 867 „Eine
815 831 895 862 eben
917 831 1023 862 solclae
1037 831 1213 869 Abs-chraft
1229 831 1374 868 befindet
1395 830 1464 861 sich
1481 829 1547 868 ‘Wf
1561 829 1620 860 der
1640 827 1824 859 Bibliothek
1845 828 1902 859 des·
1920 829 2113 860 Halla·2chen
2136 829 2288 860 Wm'sen-

156 877 289 915 hames,
320 878 375 909 bei
396 879 455 910 der
476 890 510 910 es
535 878 801 911 wahrscheinlccla
823 885 885 919 isc,
922 881 996 912 (lass
1018 885 1067 913 sie
1089 882 1190 913 durch
1213 881 1296 912 Luc.
1326 881 1519 912 Holsteuius
1546 878 1630 910 nach
1659 878 1886 910 Deutschland
1913 880 2096 921 gekommen
2124 883 2185 918 ist,
2222 879 2288 911 und

158 927 276 966 Briefe
297 929 404 960 lass-en
425 929 631 968 vermuthen,
666 930 742 961 dass
764 931 865 963 durch
887 931 1058 963 ‹leuselben
1080 931 1135 963 bei
1154 935 1275 963 semem
1299 931 1479 963 riimischeu
1498 929 1720 968 Aufenlhalte
1741 929 1822 961 noch
1842 929 1988 961 mehrere
2010 930 2133 971 Copten
2157 930 2290 972 besorgt

156 978 274 1009 sz'ud.“

283 1028 334 1059 Ad
358 1028 438 1060 Cod.
462 1029 524 1060 lx.
557 1048 599 1052 —-
635 1029 740 1061 Huius
763 1031 884 1062 codicis
913 1032 1054 1063 varietas
1086 1031 1260 1062 secundum
1292 1030 1521 1062 Thiemianam
1551 1030 1726 1060 editionem
1757 1034 1886 1061 narrata
1914 1035 1963 1062 est
1994 1032 2027 1062 in
2051 1030 2183 1062 Sturze'z'
2202 1030 2287 1061 Lex.

156 1078 309 1118 Xenoph.
334 1078 411 1110 Vol.
431 1080 455 1110 I.
480 1092 551 1121 pag.
572 1083 620 1111 17.
640 1091 707 1119 sqq.
754 1080 846 1117 Quae
866 1082 905 1112 de
926 1086 1032 1113 aetate
1055 1085 1087 1112 et
1108 1083 1212 1120 patria
1234 1082 1354 1111 codicis
1376 1081 1530 1111 δίαν-κίκι·
1552 1080 1628 1110 ibid.
1655 1090 1726 1119 pag.
1751 1083 1799 1110 13.
1824 1084 1856 1110 et
1877 1084 1926 1112 14.
1948 1083 2089 1121 monuit,
2114 1092 2152 1112 ea
2173 1083 2289 1120 partim

156 1129 255 1168 falsa,
282 1131 397 1168 partim
422 1141 485 1160 non
509 1131 588 1160 satis
612 1134 699 1160 certa
720 1134 804 1161 sunt.
848 1132 1041 1162 Accuratius
1065 1142 1159 1170 quam
1181 1130 1335 1162 Sturzz'us
1358 1131 1441 1161 hunc
1465 1129 1582 1160 librum
1604 1140 1705 1167 nuper
1724 1132 1926 1161 examinavit
1947 1130 2112 1162 Gustavus
2131 1131 2290 1163 Alberlm·

156 1178 299 1220 Sauppe.
344 1179 422 1210 Vid.
447 1182 516 1211 eius
540 1181 616 1211 edit.
641 1181 720 1210 tomi
739 1180 798 1211 VI.
823 1181 975 1212 editionis
997 1181 1150 1220 Xenoph.
1175 1181 1448 1213 Schneiderianae
1472 1190 1543 1220 pag.
1567 1178 1659 1209 XIII.
1683 1190 1729 1218 sq.
1755 1197 1796 1202 -—
1830 1180 2001 1212 Caeterum
2025 1181 2201 1213 notandum
2226 1186 2286 1221 est,

156 1231 189 1260 in
210 1229 427 1261 Oeconomico
450 1231 507 1261 fol.
529 1234 579 1262 91.
604 1242 634 1261 a.
659 1232 728 1261 sine
750 1231 819 1261 ulla
842 1230 976 1263 lacunae
1000 1234 1166 1263 notatione
1189 1232 1366 1263 desiderari
1390 1231 1498 1261 locum
1521 1229 1598 1260 XII.
1623 1233 1642 1261 9
1657 1246 1696 1254 --
1712 1229 1811 1261 XIX.
1838 1233 1887 1261 16.

282 1281 333 1311 Ad
357 1280 438 1311 Cod.
458 1281 554 1312 XIV.
577 1299 619 1304 —
651 1279 702 1311 Cf.
726 1280 946 1323 Nizrnherger
969 1282 1302 1314 Gelelaerten-Lextc.
1327 1287 1404 1313 tom.
1428 1280 1484 1312 ΙΙΙ.
1509 1292 1579 1321 pag.
1601 1283 1631 1311 7.

284 1332 335 1362 Ad
359 1330 439 1362 Cod.
459 1331 556 1363 XVI.
583 1349 626 1355 —
659 1331 795 1371 Codex,
819 1334 909 1363 cuius
934 1333 1066 1364 collatio
1091 1333 1164 1363 huic
1188 1334 1323 1363 editioni
1343 1333 1504 1371 adscripta
1522 1336 1589 1372 est,
1612 1333 1646 1362 in
1667 1330 1863 1362 bibliotheca
1882 1330 2071 1370 Mosquensi
2095 1339 2288 1364 asservatur.

157 1382 331 1421 Exscripta
355 1382 413 1412 illa
439 1387 488 1413 est
510 1394 610 1422 nuper
632 1394 651 1413 a
673 1382 859 1414 Iacobitzio
882 1384 915 1414 in
939 1394 1032 1414 usum
1054 1382 1232 1415 Schabertc
1253 1382 1444 1414 Cassellani.

285 1432 335 1463 Ad
359 1431 461 1464 Codd.
486 1433 619 1463 XXIV.
645 1437 677 1464 et
700 1433 818 1464 XXV.
842 1451 882 1456 --
915 1433 985 1464 Hos
1008 1434 1145 1465 contulit
1168 1435 1333 1473 superiore
1357 1445 1441 1463 anno
1464 1431 1521 1464 Fr.
1544 1432 1769 1470 Bellermmm,
1793 1431 1880 1463 Prof.
1906 1431 2137 1463 Berolinensis.

284 1482 335 1513 Ad
362 1481 464 1513 Codd.
490 1483 663 1514 XXXIX.
688 1483 765 1514 XL.
789 1487 822 1515 et
845 1483 937 1515 XLI.
967 1502 1010 1507 -—-
1048 1484 1109 1515 His
1134 1495 1210 1515 usus
1233 1489 1283 1516 est
1311 1483 1348 1515 S.
1378 1483 1547 1515 Obbarz'us.
1598 1482 1675 1514 vid.
1700 1482 1784 1514 Eius
1814 1486 1846 1513 et
1878 1482 1996 1514 Theod.
2024 1481 2187 1515 Schmidti
2210 1484 2288 1514 edit.

158 1534 274 1573 Epislt.
300 1534 435 1572 praefat.
459 1545 530 1575 pag.
552 1534 597 1565 X.
624 1539 656 1565 et
677 1534 739 1565 XI.

284 1592 335 1622 Ad
359 1590 439 1622 Cod.
464 1592 540 1623 XL.
565 1605 592 1624 e.
616 1611 659 1616 —
686 1593 771 1624 Huic
795 1604 929 1632 mappae
951 1593 1184 1634 geographicae
1209 1592 1290 1635 [vid.
1310 1592 1374 1623 tab.
1394 1592 1523 1632 lithogr.
1542 1591 1600 1633 II.]
1626 1590 1750 1630 aliquot
1771 1590 1866 1630 plane
1889 1589 2011 1620 similes
2036 1592 2068 1621 in
2092 1590 2290 1623 bibliotheca

161 1642 260 1683 Regia
284 1642 432 1672 Parisina
455 1641 586 1682 haberi,
622 1643 741 1674 litteris
765 1644 805 1674 ad
828 1655 879 1673 me
902 1644 986 1674 datis
1009 1643 1238 1674 humanissime
1267 1654 1317 1672 me
1342 1643 1451 1673 docuit
1479 1642 1677 1672 clarissimus
1699 1640 1850 1678 Jomard,
1882 1642 2034 1671 sectionis
2057 1641 2289 1683 geographicae

162 1692 247 1723 illius
271 1692 487 1724 bibliothecae
511 1694 703 1732 praefectus.
747 1694 796 1725 Ita
820 1696 905 1724 enim
927 1694 1001 1724 ille:
1032 1693 1115 1733 „Au
1134 1695 1269 1732 reste,“
1299 1694 1420 1732 inquit,
1451 1696 1565 1731 „cette
1588 1692 1678 1730 piece
1701 1703 1751 1722 me
1774 1691 1895 1722 semble
1918 1694 1989 1722 tout
2010 1702 2030 1722 a
2049 1691 2110 1722 fait
2131 1691 2289 1734 analogue

161 1745 179 1773 a
203 1743 360 1781 plusieurs
383 1744 448 1774 tres
472 1748 648 1775 ancleunes
669 1749 778 1775 carles
798 1745 876 1776 dont
899 1756 979 1775 nous
1002 1745 1177 1783 possedons
1200 1744 1248 1775 les
1271 1745 1464 1782 originaux,
1489 1754 1531 1773 ou
1554 1742 1601 1772 les
1623 1742 1740 1780 copies.
1751 1743 1772 1759 “

287 1793 338 1823 Ad
362 1793 464 1824 Codd.
489 1795 615 1826 XLIV.
640 1799 672 1826 et
696 1795 807 1826 XLV.
832 1813 873 1818 —
906 1795 956 1826 Cf.
982 1794 1078 1825 Ovid.
1103 1795 1153 1825 ed.
1177 1794 1273 1825 Jahn.
1300 1793 1377 1824 Vol.
1396 1793 1436 1823 II.
1460 1796 1537 1823 tom.
1555 1791 1580 1822 I.
1604 1802 1675 1833 pag.
1696 1790 1844 1822 XXVII.

288 1843 339 1874 Ad
363 1844 443 1875 Cod.
468 1844 581 1875 LXX.
604 1863 647 1868 —
675 1845 769 1876 Hunc
793 1845 930 1876 contulit
951 1845 1147 1885 Alschefsky
1169 1843 1400 1875 Berolinensis.

287 1894 337 1925 Ad
360 1894 440 1925 Cod.
464 1894 662 1926 LXXXIII.
687 1895 718 1926 b.
742 1914 784 1918 —
816 1896 887 1926 Hoc
912 1897 1125 1937 fragmentum
1148 1894 1279 1926 Volusii
1302 1893 1439 1925 Metiani
1464 1891 1617 1923 collatum
1641 1896 1690 1923 est
1711 1891 1751 1923 ab
1774 1891 1917 1923 Ernesto
1940 1891 2155 1924 Hesmbackco
2178 1899 2287 1925 nostro

162 1948 193 1975 in
218 1955 308 1975 usum
335 1944 449 1976 Caroli
466 1945 579 1977 Bazede'
596 1945 636 1976 de
659 1945 769 1977 Vesme
792 1945 1015 1977 Taurinensis.

288 2003 336 2032 ,id
364 2002 443 2031 Cod.
469 2003 544 2032 XC.
568 2021 610 2026 -
639 2003 787 2036 Contulit
808 2005 891 2036 hunc
917 2006 992 2036 Octo
1013 2007 1045 2032 in
1065 2013 1157 2033 usum
1178 2001 1328 2032 editionis
1348 2000 1435 2032 Festi
1448 1993 1759 2032 Lindemannianae.
1791 2001 1867 2032 Vid.
1887 2001 1983 2042 Corp.
2001 2002 2142 2033 Gramm.
2168 2003 2243 2035 Vol.
2262 2003 2286 2035 Ι.

164 2054 261 2090 praes.
287 2064 356 2093 pag.
378 2051 470 2081 XIII.
496 2069 537 2073 —-
567 2050 617 2083 De
640 2052 788 2082 Varrone
813 2056 854 2083 cf.
879 2053 927 2083 ed.
951 2053 1112 2083 llluellerc'
1130 2052 1230 2092 praef.
1254 2063 1324 2093 pag.
1347 2051 1483 2083 XXIX.

290 2111 340 2141 Ad
365 2110 444 2140 Cod.
469 2110 559 2140 XCI.
583 2121 612 2151 g.
639 2114 671 2141 et
694 2110 725 2141 h.
751 2129 791 2134 -—-—
826 2110 876 2142 De
899 2111 959 2141 hoc
984 2111 1131 2142 Sallustii
1156 2111 1265 2142 codice
1292 2111 1422 2142 Cor-lius
1445 2112 1478 2141 in
1504 2112 1553 2142 ed.
1577 2110 1657 2143 Sall.
1682 2121 1753 2152 pag.
1775 2110 1821 2142 X.
1846 2109 1925 2142 haec
1950 2113 2097 2151 scripsit:
2129 2111 2287 2151 „charta-

164 2172 237 2192 ceus
262 2162 389 2200 quidem
413 2165 478 2199 est,
520 2161 576 2191 sed
599 2161 710 2192 eadem
733 2162 886 2201 forma,“
924 2161 1091 2204 [nimirum
1123 2173 1183 2201 qua
1213 2163 1240 2192 is
1270 2161 1352 2191 liber
1374 2161 1445 2192 MS.
1470 2167 1537 2201 est,
1573 2172 1665 2201 quem
1695 2162 1753 2192 sub
1780 2172 1865 2192 num.
1891 2162 1967 2192 XL.
1991 2173 2020 2193 a.
2051 2163 2286 2205 recensuimus]

165 2217 243 2249 ‚‚et‚
268 2212 350 2250 quod
370 2212 476 2250 potius
500 2215 566 2249 est,
596 2212 707 2242 eadem
731 2212 906 2253 religione,
932 2213 971 2243 ab
995 2214 1088 2243 initio
1110 2214 1271 2250 maximo,
1296 2213 1443 2251 scriptus.
1487 2212 1518 2242 Is
1541 2213 1638 2242 etiam
1658 2211 1934 2251 Commeliniano,
1960 2224 2052 2251 quem
2073 2217 2162 2245 tanta
2183 2214 2288 2255 gloria

165 2263 329 2292 decoravit
351 2262 525 2301 Gruterus,
547 2261 602 2292 ubi
624 2262 741 2302 reliqui
767 2273 876 2293 omnes
901 2263 1067 2301 deserunt,
1091 2263 1312 2293 adhaerescit:
1335 2267 1371 2293 ut
1392 2264 1425 2293 in
1446 2274 1516 2293 eam
1541 2264 1723 2302 opinionem
1747 2264 1807 2293 sim
1832 2264 2010 2303 ingressus,
2035 2265 2288 2296 vetustissimum

167 2312 334 2350 oxemplar
356 2313 473 2350 fuisse,
506 2323 523 2342 e
547 2323 608 2351 quo
632 2314 674 2343 sit
697 2314 878 2352 derivatus,
910 2314 965 2344 sed
989 2314 1072 2352 quod
1095 2313 1241 2344 ductibus
1265 2324 1328 2343 non
1351 2313 1449 2344 fuerit
1471 2314 1681 2353 apertissimis
1705 2315 1876 2353 scriptum,
1908 2315 1962 2353 qui
1981 2314 2099 2345 bonum
2120 2314 2287 2346 librarium

169 2362 326 2393 interdum
350 2363 575 2401 (leceperint.“

294 2420 344 2451 Ad
368 2420 447 2451 Cod.
473 2421 577 2452 CXII.
603 2434 630 2453 e.
664 2440 706 2445 —
743 2422 797 2453 Ex
820 2422 1055 2462 praeambulis,
1090 2433 1170 2461 quae
1194 2422 1238 2453 ibi
1264 2426 1488 2461 recensentur,
1519 2421 1630 2452 Herm.
1653 2421 1718 2452 Jul.
1743 2421 1905 2462 Leyserns
1928 2421 2107 2461 Lipsiensis
2131 2425 2163 2454 in
2186 2423 2288 2456 libro:

173 2471 303 2502 Rem-ht
327 2470 386 2502 der
409 2471 596 2503 Deutschen
621 2472 841 2510 Gesellschaft
864 2484 904 2503 zu
927 2473 1088 2514 Let'pzz’g,
1121 2483 1189 2503 vom
1212 2472 1316 2503 Jahre
1344 2474 1435 2504 1837.
1467 2473 1663 2514 heransgeg.
1684 2483 1746 2503 von
1771 2473 1877 2503 Aem.
1905 2472 2002 2504 Lud.
2023 2473 2201 2505 Richter
2224 2474 2292 2506 und

170 2521 281 2551 Kar!
302 2522 405 2563 Aug.
428 2522 459 2552 E
465 2533 479 2552 s
486 2533 552 2564 pe,
583 2523 645 2553 duo
668 2525 754 2563 typis
778 2523 987 2554 describenda
1009 2524 1142 2554 curavit.
1192 2523 1281 2554 Haec
1305 2529 1377 2554 sunt
1399 2523 1456 2554 sub
1481 2534 1567 2554 num.
1588 2526 1636 2554 19.
1669 2522 1781 2554 Welch
1802 2523 1945 2554 Kristen
1968 2523 2093 2555 mens-ch
2117 2530 2177 2556 cet.
2204 2524 2242 2567 [l.
2265 2525 2287 2555 l.

173 2582 240 2609 pag.
260 2570 327 2612 21]
354 2576 386 2602 et
408 2572 465 2602 sub
489 2583 574 2603 num.
597 2576 646 2603 12.
679 2573 744 2614 Βῆ
764 2573 848 2604 Iz'ebe
869 2574 921 2614 (ἰῇ
940 2573 1107 2604 menschen
1129 2578 1188 2604 cet.
1214 2573 1253 2615 [l.
1273 2574 1294 2604 l.
1318 2585 1388 2615 pag.
1410 2574 1478 2617 27.]

305 2629 348 2660 &d
370 2630 449 2660 Cod.
475 2630 646 2662 CLXXII.
669 2643 698 2662 a.
722 2650 763 2655 —
794 2631 884 2663 Haec
906 2634 973 2663 vita
998 2632 1030 2663 S.
1054 2632 1216 2664 Guicberti
1240 2634 1326 2672 typis
1350 2633 1507 2673 descripta
1532 2638 1580 2664 est
1603 2634 1634 2664 in
1659 2631 1756 2663 δην-[ι’
1778 2633 1848 2663 vitt-
1874 2633 2019 2664 Sanctor.
2042 2633 2120 2664 Mai.
2140 2637 2188 2665 23.
2212 2645 2283 2673 pag.

173 2684 232 2710 203
244 2699 283 2701 ᾲ-
297 2684 366 2711 297.
391 2685 423 2711 et
448 2680 615 2713 Bollaudic'
636 2681 720 2713 Actt.
744 2683 889 2714 Sanctor.
914 2683 991 2713 Mai.
1016 2687 1092 2714 tom.
1111 2683 1153 2713 V.
1178 2694 1248 2724 pag.
1268 2686 1328 2714 260
1344 2701 1383 2705 —
1399 2687 1469 2715 265.
1495 2701 1536 2706 -—
1569 2683 1619 2714 Cf.
1646 2682 1834 2714 Lambeccte·
1854 2682 2072 2715 commentar.
2096 2683 2179 2715 Bibl.
2203 2683 2285 2714 Vin-

173 2731 244 2760 «lob.
265 2730 302 2760 II.
329 2742 397 2771 pag.
419 2734 489 2763 898.
515 2733 562 2762 cd.
587 2736 650 2763 vet.
677 2744 746 2774 pag.
768 2736 839 2766 789.
865 2733 913 2764 ed.
938 2744 1010 2764 nov.
