2482 3068
1173 157 1265 194 356

590 323 636 346 Ac.
659 321 690 345 li.
713 321 773 345 216.

253 357 404 393 Coranus,
430 324 652 393 Sumajqifoll.
678 359 756 392 315,
782 320 866 384 izhar.
889 354 994 383 neschi
1014 354 1205 383 mediocriter

165 402 311 439 eleganti,
347 401 444 427 limbis
469 400 576 435 nullis,
614 399 747 437 capitum
768 397 1012 435 inscriptionibus
1037 402 1065 425 et
1086 398 1204 435 punctis

165 444 242 472 inter
266 442 424 470 versiculos
440 441 534 469 rubris
546 463 554 476 ,
577 451 683 479 parum
699 440 812 468 munde
836 439 956 467 habitus
972 443 1002 467 et
1016 440 1112 476 primo
1132 440 1204 467 folio

166 490 295 514 truncus.
348 480 457 520 Incipit
478 493 493 510 a
516 493 590 512 vers.
615 485 652 511 15
684 480 754 511 Sur.
779 485 809 511 2.
839 480 989 510 Absoluta
1017 486 1060 510 est
1084 482 1204 520 scriptio

167 528 261 566 primo
278 530 379 553 mense
394 523 576 553 Ramadhan
590 523 633 554 A.
648 525 688 553 H.
706 528 766 554 990
788 521 883 564 (Chr.
905 523 1020 561 1582).

617 648 668 681 [iz.
688 648 750 681 ÷1o.]

252 690 404 727 Cor-anus,
428 693 561 727 S⁰maj.,
585 691 649 720 soll.
673 693 732 720 305
758 690 877 720 chartae
900 690 1051 719 orientalis
1072 690 1205 729 laeviga-

165 740 229 769 tae,
261 734 345 763 char.
368 733 471 762 nesciri
498 733 688 762 mediocriter
711 735 855 772 eleganti,
886 734 994 771 passim
1020 738 1149 761 resartus
1177 738 1206 760 et

165 778 305 816 utrinque
329 782 464 805 truncus.
509 773 620 814 Incipit
641 786 657 804 a
682 777 772 805 verbo
796 777 904 804 ultimo
925 786 999 803 vers.
1023 775 1063 803 84
1085 773 1154 803 Sur.
1177 777 1206 810 6,

166 819 264 847 deficit
286 820 316 846 in
341 819 434 847 verbo
448 818 534 846 tertio
549 828 622 846 vers.
646 819 684 847 65
703 816 769 846 Sur.
785 821 836 847 76.
881 816 1038 846 Praeterea
1054 817 1085 844 in
1106 816 1205 845 medio

167 863 241 889 libro
258 862 371 898 aliquot
390 861 461 888 folia
475 859 651 888 exciderunt
666 861 744 888 inter
762 860 815 888 fol.
834 861 873 888 57
884 880 892 894 ,
917 859 999 899 quod
1016 859 1079 886 exit
1094 859 1125 886 in
1142 869 1206 886 me—

166 904 251 931 dium
268 913 343 931 verS.
361 906 399 931 93
422 900 489 931 Sur·
504 906 539 938 9,
563 908 592 930 et
607 902 660 931 sol.
678 905 736 938 58,
762 902 844 942 quod
861 903 967 940 incipit
983 912 999 930 a
1017 900 1116 929 medio
1132 911 1206 929 vers.

168 949 184 973 5
201 944 270 974 Sur.
290 948 339 974 12.

617 1016 751 1051 LXIII.

575 1065 643 1098 [Aa.
665 1066 696 1090 11.
717 1065 795 1098 200.]

255 1110 406 1146 Coranus,
432 1111 565 1147 8⁰maj.,
588 1110 652 1138 soll.
676 1110 753 1146 343,
777 1109 859 1138 char.
881 1108 985 1137 neschi
1006 1109 1093 1137 altius
1116 1119 1207 1137 assur-

167 1155 248 1193 genti
264 1160 290 1182 et
304 1154 503 1182 sinistrorsum
518 1154 674 1188 inclinato,
696 1152 795 1180 limbis
812 1156 841 1180 et
856 1161 1015 1190 pausarum
1033 1152 1125 1189 siguis
1139 1152 1207 1179 nul-

168 1198 219 1230 lis,
250 1197 382 1234 capitum
403 1195 648 1233 inscriptionibus
672 1195 782 1228 rubris,
812 1195 929 1232 punctis
952 1195 1030 1221 inter
1045 1194 1207 1222 versiculos

168 1240 239 1267 item
261 1239 372 1273 rubris,
395 1236 486 1265 modo
502 1238 645 1275 singulis,
673 1235 762 1264 modo
786 1237 893 1270 ternis,
917 1245 979 1264 non
1002 1235 1076 1264 adeo
1094 1235 1207 1264 munde

168 1280 298 1314 habitus,
323 1281 431 1318 passim
448 1285 572 1307 resartus
592 1289 647 1307 nec
661 1279 751 1316 plane
771 1279 896 1316 integer.
940 1276 1001 1306 Pro
1022 1278 1095 1306 folio
1111 1279 1206 1316 primo

168 1323 306 1363 quidem,
336 1321 417 1361 quod
441 1321 611 1357 exciderat,
643 1320 725 1348 aliud
755 1321 904 1348 recentius
932 1321 1127 1348 substitutum
1155 1325 1231 1355 est,·

167 1365 218 1393 sed
236 1367 267 1392 in
283 1366 341 1392 fine
358 1363 456 1393 codex
473 1363 572 1392 deficit
589 1363 622 1391 in
637 1361 738 1391 medio
755 1373 830 1392 vers.
847 1365 867 1391 7
882 1360 948 1391 Sur.
967 1365 1037 1391 102.

625 1437 753 1472 LXIV.

575 1488 645 1519 [Ae.
667 1487 698 1511 11.
719 1486 797 1519 ρας]

258 1530 403 1567 Coranus,
435 1534 472 1559 8⁰
487 1532 571 1567 maj.‚
595 1531 660 1558 foll.
686 1531 764 1564 326,
795 1531 820 1558 si
841 1530 913 1558 folia
935 1541 951 1558 e
974 1530 1074 1558 medio
1105 1529 1208 1558 codice

170 1575 284 1603 revulsa
300 1584 426 1602 numero
444 1583 504 1601 non
523 1571 838 1611 comprehenduntur,
861 1571 942 1600 char.
958 1571 1063 1600 neschi
1077 1572 1206 1606 robusto,

169 1617 267 1645 limbis
298 1622 327 1643 et·
351 1616 465 1654 punctis
496 1616 574 1643 inter
602 1614 763 1642 versiculos
784 1614 897 1650 rubris,
928 1623 1086 1651 pausarum
1115 1613 1207 1651 signis

170 1660 270 1686 nullis.
311 1655 444 1686 Revulsa
465 1662 534 1685 sunt
556 1656 615 1684 duo
639 1656 713 1684 folia
735 1656 813 1684 inter
835 1655 888 1683 sol.
909 1659 966 1683 100
990 1660 1019 1683 et
1044 1657 1121 1690 101,
1152 1656 1208 1683 tria

170 1703 246 1728 iuter
269 1702 329 1728 108
354 1706 382 1728 et
411 1704 485 1735 109,
515 1700 589 1727 item
612 1697 788 1726 exciderunt
818 1698 965 1725 nonnulla
994 1699 1072 1725 inter
1102 1700 1156 1726 121
1179 1702 1208 1725 et

173 1745 250 1778 122,
276 1745 333 1770 123
350 1748 378 1770 et
398 1743 474 1775 12⁴,
499 1743 557 1769 125
580 1746 607 1769 et
626 1742 696 1768 126.
742 1738 876 1778 Scriptus
899 1746 942 1768 est
962 1739 1057 1768 codex
1074 1745 1125 1767 aut
1143 1740 1206 1777 ipso

172 1784 209 1813 A.
229 1783 267 1813 Η.
286 1786 364 1813 1088
379 1782 472 1823 (Chr.
490 1780 680 1819 1677—8),
708 1787 759 1810 aut
774 1788 841 1810 ante
859 1791 945 1816 eum3
969 1783 991 1810 is
1008 1783 1089 1810 enim
1112 1792 1207 1809 annus

170 1828 200 1854 in
228 1828 319 1854 latere
348 1827 488 1854 interiore
514 1826 602 1863 partis
631 1825 800 1862 posterioris
826 1825 992 1862 tegumenti
1022 1830 1140 1852 notatus
1165 1829 1208 1852 est

171 1870 228 1903 ita,
253 1873 286 1896 ut
309 1868 443 1896 codicem
462 1873 532 1896 tunc
554 1868 589 1894 ab
611 1868 713 1905 aliquo
737 1871 852 1895 emtum
874 1871 925 1895 aut
949 1866 1028 1895 dono
1052 1872 1208 1905 acceptum

171 1922 231 1939 esse
247 1915 395 1949 appareat.

579 2025 646 2056 [Ac.
669 2024 698 2048 li.
719 2024 798 2055 209]

258 2068 407 2105 Gor-anus,
434 2070 567 2104 8¹'1naj.‚
591 2068 655 2096 foll.
670 2067 748 2104 241,
774 2066 854 2096 char.
878 2066 982 2095 neschi
1005 2077 1066 2095 11011
1091 2066 1206 2104 pulcro,

170 2112 221 2141 sed
236 2113 406 2151 perspicuo,
430 2112 529 2139 limbis
545 2111 650 2144 nullis,
675 2120 833 2148 pausarum
848 2110 939 2147 signis
957 2110 1067 2147 paucis,
1089 2110 1206 2146 punctis

170 2155 250 2183 inter
265 2155 423 2183 versiculos
445 2154 558 2188 rubris,
584 2152 674 2180 modo
690 2153 822 2190 singulis,
848 2151 937 2180 modo
952 2152 1053 2180 ternis.
1096 2150 1206 2179 Inscri-

170 2198 287 2235 ptiones
310 2202 427 2225 tantum
451 2196 539 2224 tertio
562 2200 591 2223 et
608 2200 712 2234 quarto
736 2200 765 2223 et
788 2195 895 2234 quinto
923 2195 1012 2233 capiti
1028 2194 1205 2231 praemissae

170 2244 239 2267 sunt
261 2239 351 2267 literis
374 2239 477 2266 rubris.
521 2235 625 2265 Codex
647 2236 809 2264 admodum
828 2236 1016 2275 inquinatus,
1039 2235 1161 2264 detritus
1178 2241 1206 2263 et

172 2287 296 2309 resnrtus
316 2286 369 2309 est.
415 2278 568 2308 Praeterea
590 2279 667 2306 inter
691 2279 744 2307 fol.
763 2281 803 2307 57
826 2284 854 2306 et
877 2281 915 2307 58
938 2279 1038 2306 evulsa
1062 2283 1148 2313 sunt,
1172 2282 1206 2305 ut

172 2333 208 2350 ex
229 2323 360 2362 reliquiis
381 2326 517 2360 apparet,
546 2321 618 2349 folia
640 2320 832 2358 quindecim,
865 2326 894 2349 et
918 2321 996 2349 inter
1018 2320 1072 2349 101.
1097 2324 1115 2348 2
1129 2325 1158 2348 et
1176 2321 1203 2353 3,

173 2367 209 2394 59
226 2371 253 2393 et
271 2370 326 2399 oo,
351 2365 501 2392 nonnulla
519 2362 706 2392 exciderunt.

624 2437 752 2472 LXVI.

571 2486 636 2520 [Ac.
658 2487 689 2511 li.
710 2486 808 2519 Ἡδὲ]

259 2531 407 2568 (lor-(mus,
432 2532 547 2565 801at.‚
571 2531 637 2559 foll.
655 2530 734 2567 414,
765 2529 846 2558 char.
871 2529 975 2558 neschi
996 2530 1117 2558 robusto
1136 2530 1209 2558 scri-

171 2580 236 2613 ptus
247 2597 255 2611 ,
280 2575 410 2602 multum
426 2575 510 2602 tritus
528 2579 557 2601 et
572 2574 681 2612 passim
697 2578 833 2601 resartus.
877 2569 980 2601 Limbi
996 2573 1072 2601 circa
1087 2572 1208 2611 paginas

172 2634 258 2661 nulli.
296 2630 439 2661 Laciniae
457 2634 621 2669 tegumenti
638 2633 763 2661 coriacei
775 2633 950 2670 impressum
968 2637 1011 2659 est
1033 2620 1065 2662 §Ji
1089 2643 1160 2673 11...ψί
1185 2629 1207 2661 ἱὶ

170 2687 340 2748 offeci.

1656 319 1723 350 [Ac.
1745 318 1775 343 li.
1796 320 1854 345 229.

1336 352 1485 390 Coranus,
1517 355 1554 382 8⁰
1567 354 1656 390 maj.‚
1685 354 1748 382 foll.
1775 357 1831 382 171
1846 320 1971 388 ‚lehara
1996 354 2099 384 neschi
2123 356 2290 394 perspicuo,

1249 396 1300 425 sed
1322 395 1442 424 rudiore
1465 396 1608 433 scriptus,
1632 396 1771 423 omnibus
1795 398 1977 425 ornamentis
1995 408 2106 426 carens.
2149 396 2194 426 Ne
2212 408 2290 436 pun—

1250 439 1304 467 ctis
1322 438 1445 477 quidem
1466 437 1606 465 versiculi
1623 437 1753 465 distincti
1768 444 1846 473 sunt,
1869 448 1924 466 nec
1941 440 2036 476 capita
2051 440 2292 478 inscriptionibus

1248 481 1400 518 insignita.
1445 477 1586 508 Ceterum
1611 479 1774 507 admodum
1795 480 1875 507 lacer
1898 485 1927 507 et
1947 481 2118 517 inquinatus
2134 488 2194 515 est,
2219 482 2292 510 item

1250 523 1286 550 ab
1310 523 1394 550 initio
1416 527 1444 550 et
1467 522 1532 549 aliis
1551 522 1622 549 locis
1644 527 1777 550 truncuS.
1822 520 1934 559 Incipit
1949 523 2027 550 enim
2052 533 2066 550 a
2084 521 2154 552 Sur.
2173 526 2191 552 2
2216 534 2291 551 vers.

1252 567 1330 601 1853
1348 581 1389 585 ——
1406 569 1471 602 post
1485 564 1538 591 101.
1557 566 1593 599 8,
1617 563 1699 602 quod
1719 564 1750 591 in
1774 563 1865 599 ejusd.
1885 563 1953 591 Sur.
1970 574 2045 592 vers.
2063 566 2202 593 ultimum
2218 566 2291 601 exit,

1250 607 1364 646 aliquot
1386 606 1456 634 solia
1483 606 1593 644 partim
1615 605 1813 641 exciderunt,
1836 606 1946 643 partim
1967 607 2067 633 evulsa
2089 612 2174 644 sunt,
2197 608 2236 635 ita
2261 612 2292 635 ut

1250 649 1302 677 fol.
1320 653 1336 677 9
1359 649 1482 686 incipiat
1505 657 1520 674 a
1538 646 1607 676 Sur.
1623 646 1642 674 4
1664 657 1741 675 vers.
1757 650 1815 683 123
1838 662 1878 668 -
1906 647 1956 675 fol.
1985 647 2025 676 47
2050 648 2112 676 exit
2133 649 2163 676 in
2186 650 2252 676 Sur.
2271 651 2291 677 7

1250 701 1324 718 vers.
1345 693 1414 722 170.
1431 690 1483 718 fol.
1500 688 1540 717 48
1555 689 1661 727 incipit
1675 699 1692 717 a
1707 687 1779 717 Sur.
1797 691 1814 717 9
1833 699 1910 718 vers.
1930 691 1984 722 183
2002 705 2039 710 —
2061 689 2113 718 fol.
2131 693 2169 719 69
2185 692 2247 720 exit
2259 691 2291 719 in

1250 731 1322 762 Sur.
1342 735 1381 760 12
1405 742 1481 763 vers.
1500 733 1556 766 17,
1580 731 1633 759 fol.
1651 734 1691 760 70
1713 731 1819 769 incipit
1833 732 1869 759 ab
1886 730 1978 766 ejusd.
1995 728 2064 760 Sur.
2082 741 2158 760 vers.
2175 734 2232 768 333
2253 750 2290 754 —

1250 775 1294 802 fol
1327 777 1366 803 75
1386 774 1448 802 exit
1472 775 1503 802 in
1525 771 1594 801 Sur.
1619 776 1655 801 13
1678 783 1757 802 vers.
1784 775 1842 809 25,
1872 773 1924 800 101.
1948 775 1987 801 76
2009 773 2114 811 incipit
2138 773 2174 801 ab
2198 774 2290 809 ejusd.

1251 815 1318 845 Sur.
1342 827 1417 845 vers.
1434 816 1492 852 4ος
1517 831 1556 835 —
1581 815 1634 844 fol.
1652 818 1693 844 77
1718 816 1780 843 exit
1801 816 1833 842 in
1857 813 1926 842 Sur.
1946 815 1984 842 14
2008 825 2084 843 vers.
2106 817 2156 849 32,
2181 815 2233 843 fol.
2252 818 2292 845 78

1250 859 1356 897 incipit
1379 869 1395 886 a
1418 856 1486 886 Sur.
1504 860 1540 886 16
1564 867 1641 885 vers.
1658 859 1714 891 823
1737 874 1778 878 —
1802 857 1855 884 101.
1872 859 1912 885 79
1936 857 1999 884 exit
2019 857 2050 884 in
2071 854 2139 885 Sur.
2160 859 2197 885 16
2219 866 2293 886 vers.

1254 903 1323 935 117,
1350 901 1401 928 101.
1419 902 1458 928 80
1480 899 1585 937 incipit
1605 909 1620 926 a
1646 897 1713 928 Sur.
1734 902 1770 927 18
1795 909 1868 927 vers.
1884 898 1940 931 493
1964 915 2004 918 —
2028 899 2080 927 sol.
2100 897 2157 927 104
2180 899 2242 927 exit
2262 899 2294 927 in

1252 942 1318 970 Sur.
1338 944 1376 969 24
1398 952 1473 969 vers.
1495 945 1507 969 1
1521 963 1528 976 ,
1551 942 1603 969 fol.
1619 943 1678 970 105
1703 942 1808 979 incipit
1829 942 1864 968 ab
1882 940 1975 977 ejusd.
1995 939 2064 969 Sur.
2083 950 2156 968 vers.
2175 943 2234 978 313
2255 956 2294 961 -—

1251 984 1303 1012 sol.
1319 986 1376 1012 109
1401 984 1464 1011 exit
1479 983 1510 1011 iu
1525 981 1594 1011 Sur.
1610 985 1649 1011 25
1673 994 1749 1011 vers.
1768 986 1825 1019 29,
1849 983 1902 1011 sol.
1930 986 1988 1010 110
2012 983 2117 1020 incipit
2132 992 2147 1010 a
2166 980 2234 1011 Sur.
2254 985 2293 1012 27

1252 1035 1326 1054 vers.
1342 1027 1377 1058 53
1392 1042 1433 1046 —-
1448 1025 1502 1053 101.
1523 1027 1580 1051 111
1600 1025 1662 1052 exit
1676 1025 1707 1052 iu
1727 1024 1817 1059 ejusd.
1833 1023 1900 1053 Sur.
1915 1035 1992 1053 vers.
2009 1025 2057 1058 45,
2077 1024 2128 1052 101.
2147 1027 2207 1052 112
2220 1025 2295 1053 inci·

1253 1068 1296 1104 pit
1316 1077 1333 1094 a
1350 1064 1417 1095 Sur.
1436 1069 1474 1095 29
1498 1076 1572 1094 vers.
1594 1069 1685 1102 13—
1710 1067 1763 1095 fol.
1789 1068 1847 1094 123
1864 1067 1926 1094 exit
1946 1067 1978 1093 in
2003 1065 2071 1095 Sur.
2089 1068 2129 1094 33
2147 1076 2221 1095 vers.
2245 1069 2294 1100 12,

1252 1109 1304 1137 fol.
1325 1108 1383 1136 124
1406 1108 1511 1145 incipit
1534 1117 1551 1135 a
1568 1105 1637 1136 Sur.
1653 1109 1693 1135 40
1718 1118 1793 1136 vers.
1812 1110 1870 1144 823
1888 1124 1925 1128 —
1945 1108 1997 1136 sol.
2017 1107 2076 1136 144
2094 1108 2156 1136 exit
2177 1109 2208 1135 in
2223 1105 2294 1140 Sur,

1252 1151 1292 1180 49
1314 1161 1388 1179 vers.
1407 1150 1444 1184 4,
1468 1150 1517 1178 101.
1543 1150 1602 1178 145
1622 1150 1727 1188 incipit
1744 1160 1759 1177 a
1779 1148 1847 1178 Sur.
1870 1152 1908 1178 55
1930 1160 2005 1178 verS.
2025 1153 2079 1183 1Ο;
2105 1166 2135 1170 -
2164 1149 2214 1178 fol.
2234 1150 2293 1178 146

1253 1193 1315 1221 exit
1335 1193 1366 1220 in
1390 1190 1459 1221 Sur.
1486 1194 1524 1220 56
1550 1202 1623 1219 vers.
1647 1192 1702 1227 48,
1734 1193 1786 1220 101.
1814 1192 1871 1220 147
1897 1192 2003 1229 incipit
2023 1202 2038 1219 a
2061 1189 2130 1220 Sur.
2157 1194 2197 1221 62
2221 1202 2294 1221 vers.

1255 1238 1290 1273 23
1306 1250 1347 1255 --
1362 1235 1470 1263 folium
1488 1234 1629 1263 ultimum
1647 1235 1710 1262 exit
1727 1234 1757 1261 in
1775 1231 1844 1262 Sur.
1869 1235 1928 1262 109
1945 1244 2020 1262 vers.
2036 1236 2064 1262 6.

1704 1358 1753 1391 [11.
1777 1362 1834 1384 121.
1845 1359 1854 1390 j

1340 1399 1487 1437 Coranus,
1511 1402 1651 1435 8⁰min.,
1680 1402 1745 1430 foll.
1771 1403 1850 1436 317,
1883 1401 1966 1431 char.
1990 1401 2093 1431 neschi
2109 1401 2206 1431 nitido
2220 1403 2295 1431 scri-

1254 1449 1321 1481 ptus
1356 1449 1385 1471 et
1416 1443 1582 1482 pei-munde
1609 1442 1737 1471 habitus.
1789 1441 1876 1471 Duae
1905 1444 2015 1482 primae
2041 1445 2167 1482 paginae
2192 1444 2295 1482 pulcre

1253 1487 1388 1524 expictae
1409 1490 1497 1520 sunt,
1523 1491 1637 1513 ceterae
1660 1485 1760 1512 limbis
1778 1489 1807 1512 et
1829 1487 1946 1523 punctis
1963 1486 2041 1514 iuter
2063 1486 2222 1514 versiculos
2239 1495 2294 1513 au-

1252 1529 1309 1554 reis
1331 1532 1462 1554 ornatae.
1516 1525 1655 1565 Capitum
1682 1527 1887 1564 inscriptiones
1914 1528 2021 1555 rubrae
2051 1533 2121 1556 sunt
2156 1528 2188 1555 in
2218 1528 2293 1556 areis

1251 1570 1345 1597 limbo
1363 1579 1452 1596 aureo
1466 1569 1579 1597 cinctis.
1610 1567 1712 1596 Etiam
1728 1574 1935 1605 tegumentum
1952 1580 2023 1597 auro
2037 1571 2225 1608 variegatum
2239 1575 2291 1598 est.

1693 1690 1743 1723 [li.
1766 1691 1844 1725 101.]

1339 1734 1487 1768 Coranus,
1511 1737 1547 1763 80
1561 1734 1652 1771 mim,
1675 1735 1738 1763 foll.
1757 1738 1833 1772 300,
1858 1734 1939 1764 char.
1956 1734 2061 1764 neschi
2077 1735 2206 1774 eleganti
2222 1737 2293 1764 scri-

1253 1783 1328 1817 ptus,
1355 1779 1386 1805 in
1409 1777 1523 1805 duabus
1541 1777 1642 1815 primis
1658 1778 1773 1815 paginis
1791 1778 1870 1805 varie
1886 1778 2030 1816 expictus.
2075 1775 2180 1816 Capita
2201 1778 2294 1807 literis

1253 1820 1348 1849 aureis
1372 1821 1403 1847 in
1428 1820 1500 1847 areis
1521 1820 1615 1846 limbo
1639 1820 1727 1847 rubro
1750 1821 1852 1848 cinctis
1875 1821 2017 1859 inscripta
2039 1826 2108 1848 sunt
2122 1841 2130 1855 ,
2156 1821 2293 1848 versiculi

1253 1862 1482 1900 punctisaureis
1498 1860 1633 1889 distincti
1651 1867 1680 1889 et
1701 1863 1794 1890 oratio
1817 1862 1953 1890 coranica
1971 1861 2061 1900 virgis
2075 1863 2228 1890 variorum
2241 1872 2293 1891 co-

1253 1906 1351 1933 lorum
1368 1905 1501 1940 inclusa,
1526 1913 1598 1943 quas
1616 1905 1694 1932 inter
1710 1909 1737 1931 et
1754 1905 1855 1932 rubras
1873 1905 2000 1933 extremi
2017 1905 2160 1942 marginis
2176 1903 2291 1933 indica-

1253 1952 1300 1975 tae
1320 1951 1389 1974 sunt
1411 1950 1508 1984 partes
1529 1946 1681 1973 coronicae
1703 1956 1823 1981 omnes,
1846 1947 1865 1975 i.
1884 1957 1909 1976 e.
1931 1946 2087 1985 quiniones
2103 1945 2291 1975 etdeniones

1252 1989 1483 2021 versiculorum,
1515 1983 1672 2015 eI-a‘hzdh
1703 1993 1732 2016 et
1755 1983 1884 2026 el-egzd
1914 1994 1944 2017 et
1970 1994 2167 2027 utrorumque
2193 1994 2290 2026 partes

1253 2030 1402 2059 dimidiae.
1450 2028 1521 2057 Tria
1550 2030 1656 2057 ultima
1689 2030 1758 2058 folia
1788 2030 1897 2059 docent
1928 2030 2131 2069 precationem
2159 2030 2290 2068 perlecto

1254 2071 1370 2102 Corano
1394 2071 1577 2100 recitandam
1601 2077 1629 2099 et
1651 2082 1754 2109 pausas
1776 2083 1813 2100 ex
1837 2073 1951 2100 ratione
1976 2069 2235 2109 El-Segawendii
2256 2073 2288 2100 in

1251 2115 1378 2153 legendo
1398 2112 1515 2142 Corano
1536 2114 1734 2142 observ-‘indas
1754 2125 1915 2153 earumque
1928 2115 2021 2152 signa.
2066 2113 2231 2142 Absolutus
2247 2119 2289 2143 est

1250 2157 1346 2186 codex
1362 2167 1378 2184 a
1393 2154 1486 2184 Mona
1505 2154 1627 2192 Fejjfidh
1641 2152 1926 2185 Ibn-Mn‘hammed
1948 2154 2173 2194 El-Baghdadi
2188 2155 2288 2184 medio

1250 2209 1351 2228 mense
1369 2196 1474 2236 Regeb
1490 2195 1530 2227 Α.
1544 2196 1583 2226 Η.
1603 2201 1682 2227 1087
1701 2196 1785 2237 (Chr.
1806 2198 1911 2236 1676).

1713 2272 1825 2308 LXX.

1693 2321 1743 2354 [11.
1767 2322 1846 2355 313.]

1336 2364 1485 2402 Coranus,
1511 2367 1650 2399 8⁰1niu.,
1682 2366 1746 2394 foll.
1768 2369 1844 2400 361,
1869 2365 1950 2394 char.
1968 2364 2084 2394 neschi.
2132 2364 2286 2404 Abruptus

1229 2439 1231 2446 y
1252 2413 1295 2437 est
1308 2414 1373 2447 post
1394 2407 1463 2437 Sur.
1483 2412 1542 2437 100
1558 2418 1634 2436 vers.
1652 2409 1681 2436 7.
1725 2406 1883 2436 Praeterea
1908 2407 2082 2436 exciderunt
2101 2407 2172 2436 folia
2187 2407 2286 2436 trede-

1251 2453 1326 2480 cim:
1350 2461 1444 2479 unum
1462 2452 1539 2479 inter
1553 2450 1605 2478 fol.
1626 2452 1679 2484 16,
1703 2450 1782 2488 quod
1808 2451 1870 2479 exit
1883 2451 1915 2478 in
1931 2447 2002 2478 Sur.
2021 2453 2040 2478 2
2058 2460 2135 2478 vers.
2154 2452 2233 2485 177,
2258 2455 2288 2479 et

1252 2494 1301 2521 101.
1323 2496 1378 2528 17,
1402 2492 1481 2532 quod
1500 2493 1604 2530 incipit
1621 2493 1657 2520 ab
1675 2492 1766 2528 ejusd.
1783 2490 1851 2520 Sur.
1870 2502 1944 2520 vers.
1963 2494 2040 2527 1963
2068 2491 2127 2520 duo
2141 2492 2218 2520 inter
2234 2492 2286 2521 fol.

1255 2537 1331 2569 158,
1356 2535 1437 2574 quod
1459 2536 1521 2563 exit
1535 2535 1565 2562 in
1581 2532 1649 2563 Sur.
1666 2536 1704 2562 17
1727 2544 1799 2562 vers.
1817 2537 1872 2568 35,
1895 2540 1924 2562 et
1941 2534 1995 2562 fol.
2015 2536 2091 2571 159,
2115 2533 2197 2573 quod
2209 2534 2286 2562 inci-

1252 2578 1295 2616 pit
1317 2578 1353 2605 ab
1378 2577 1471 2613 ejusd.
1492 2575 1559 2606 Sur.
1585 2587 1659 2604 vers.
1684 2578 1741 2613 823
1767 2577 1838 2604 item
1857 2575 2010 2604 (1110111101-
2032 2576 2084 2604 101.
2106 2578 2182 2612 175,
2205 2574 2285 2615 quod

1253 2621 1316 2647 exit
1331 2620 1362 2647 in
1386 2617 1453 2648 Sur.
1470 2623 1509 2648 20
1531 2629 1605 2648 vers.
1624 2620 1679 2652 97,
1704 2623 1733 2646 et
1749 2618 1802 2646 fol.
1823 2620 1900 2655 176,
1922 2617 2004 2657 quod
2021 2618 2126 2656 incipit
2138 2619 2175 2646 ab
2192 2616 2284 2655 ejusd.

1252 2660 1321 2691 Sur.
1346 2671 1421 2690 vers.
1440 2663 1516 2697 1343
1541 2667 1607 2690 octo
1629 2662 1706 2688 inter
1728 2660 1779 2689 fol.
1802 2662 1878 2694 201,
1903 2659 1985 2699 quod
2010 2661 2073 2689 exit
2096 2661 2128 2688 in
2150 2657 2220 2689 Sur.
2245 2660 2284 2688 24

1252 2714 1326 2733 vers.
1346 2706 1381 2732 61
1394 2723 1403 2739 ,
1425 2709 1453 2732 et
1469 2704 1521 2732 101.
1538 2706 1615 2738 202,
1637 2701 1717 2742 quod
1735 2702 1841 2740 incipit
1855 2712 1871 2730 a
1887 2700 1955 2731 Sur.
1971 2704 2010 2732 26
2024 2712 2100 2732 vers.
2118 2704 2168 2731 72.
