2482 3068
1180 184 1205 222 7

151 307 181 345 l)
213 309 351 335 (flumen
374 315 522 335 anonym
546 313 711 334 AucTonls.
756 307 847 343 Incip.
864 306 915 334 sol.
935 305 1001 335 120.
1019 316 1060 334 a.:
1087 305 1169 334 alfa

209 348 316 386 seem-sc
329 347 465 384 procedis
480 354 571 375 mente
581 358 745 383 parumper
760 354 815 376 cet.
848 349 959 385 Explic,
976 348 1026 376 sol.
1044 347 1112 378 120.
1128 350 1168 376 b.:

212 392 335 430 (lneque
356 392 413 418 tm's
434 390 502 418 olim
517 391 697 428 pevfruerer
718 389 815 425 bot11‘33

145 433 170 469 7)
207 434 255 461 Dr:
282 442 444 460 euoenon-2
466 440 654 461 ‘rnACTA'rus
681 442 719 460 κ(
744 441 838 460 nmo.

211 476 311 502 colore
342 475 444 511 pictus.
499 475 588 511 incip.
611 475 660 502 sol.
686 473 753 504 120.
777 475 804 501 b.

211 514 373 555 discolores
390 517 520 543 maa-ime
542 521 595 544 cet.

211 556 282 598 esse
299 568 379 586 nemo
401 557 551 586 dubitarit.

883 431 925 458 Ita
953 431 1052 457 titulus
1080 432 1168 458 rubro

855 471 977 507 Etiopes
999 479 1084 509 mque
1106 472 1170 500 indi

596 606 698 642 XIV.

520 657 607 690 [nep.
628 657 647 681 1.
667 657 691 681 ⁴.
711 657 769 701 675]

119 698 367 740 KAAYJior
393 709 709 739 ΠΤΟΛΕΜΑΙΟΥ
734 695 1075 739 .,ι.,ιΕΞ.«1ΝΛΡΕΩΣ
1105 706 1165 736 φῖ.

164 756 385 798 ΛΟΣόΨΟΥ
405 769 467 797 ‚EN
487 758 592 798 ΤΟῘΣ
611 765 743 806 μάλιστα
760 765 1006 803 πεπαιδευμένου,
1031 765 1094 804 περὶ
1112 766 1168 806 τῆς

163 811 354 851 γεωγραφίας
375 810 479 848 βιβλία
503 809 597 847 ozza),
636 808 712 847 μετὰ
736 806 834 846 πάσης
860 806 1013 845 ἀκριβείας
1034 808 1187 837 ἔντὐπι,ιι-«

164 851 270 883 θέντα.
318 855 431 882 Claudii
452 854 611 882 Ptolemaei
627 853 813 881 Alexandrini
837 852 1004 889 philosophi
1029 861 1093 879 cum
1110 852 1168 888 pri-

161 897 214 924 mis
236 897 353 931 eruditi,
373 897 409 924 de
425 896 612 932 Geographia
634 896 698 922 libri
715 900 791 929 octo,
816 904 926 921 summa
943 904 1006 921 cum
1022 894 1169 927 vigilantia

162 940 270 966 excusi.
308 938 423 966 Parisiis
439 938 517 974 apud
534 937 728 965 Christianum
744 936 912 963 Wechelum
930 936 1126 965 M.D.XLV1.

206 980 281 1007 Huic
303 980 376 1006 libro
401 980 569 1007 collationes
596 979 689 1006 Codd.
717 978 879 1014 adscriptae
909 982 985 1006 sunt.
1044 977 1087 1005 De
1118 977 1167 1004 illo

122 1019 229 1056 Georg.
249 1020 380 1048 Mar-tin.
409 1019 565 1048 Hccidelizaes
585 1022 613 1048 in
644 1021 877 1048 commentatione
904 1018 1169 1047 critico-literaria

117 1061 154 1091 de
178 1062 286 1091 Claud.
307 1062 466 1090 Ptolemaei
486 1060 669 1099 geographia
691 1063 807 1099 eiusque
828 1060 975 1090 codicibus
999 1068 1058 1089 iam
1080 1072 1169 1089 mmm

119 1106 237 1141 scra'plt's
268 1116 354 1144 quam
378 1107 458 1143 typis
480 1106 648 1141 expressis,
686 1105 871 1140 Noritnberg.
903 1105 951 1130 clo
977 1104 1168 1130 loccxxxvu.

119 1156 188 1184 pag·
206 1147 254 1177 17.
280 1150 306 1182 ξ.
325 1147 372 1176 11.
396 1153 529 1174 accurate
546 1147 629 1180 dixit,
652 1154 705 1172 nec
720 1154 838 1180 possum
854 1154 914 1171 nou
930 1149 990 1171 tota
1007 1145 1066 1171 eius
1083 1145 1169 1171 verba

119 1188 178 1216 huc
194 1189 409 1216 transscribere.
455 1187 572 1221 „Unius
589 1190 701 1219 tamen,
724 1185 833 1219 inquit,
859 1184 1095 1219 praestantissimi
1112 1185 1169 1210 Co-

120 1229 202 1264 dicis,
218 1229 350 1265 impressi
367 1227 483 1262 quidem
502 1224 592 1254 1540.
615 1225 730 1251 Parisiis
746 1223 825 1261 apud
842 1223 1017 1259 Wechelios,
1037 1224 1087 1251 sed
1104 1234 1169 1252 cum

116 1270 252 1308 pluribus
269 1268 359 1295 MStis
375 1268 482 1302 collati,
505 1267 638 1303 adeoque
654 1266 750 1302 magui
766 1265 947 1301 aestimandi,
963 1275 1022 1292 non
1039 1275 1167 1302 possum,

119 1311 194 1348 quin
215 1311 269 1338 sub
291 1310 378 1336 finem
402 1309 486 1335 huius
505 1309 614 1345 Capitis
637 1308 813 1335 mentionem
832 1307 946 1335 faciam.
996 1306 1090 1335 Ornat
1120 1308 1168 1335 ille

115 1351 331 1380 Bibliothecam
347 1351 471 1378 Senatus
489 1350 592 1377 Incluti
608 1350 688 1386 Lips.
704 1349 814 1385 magnis
829 1349 969 1376 sumtibus
984 1349 1169 1376 laudabiliter

117 1398 240 1422 auctam.
288 1393 354 1430 lpse
369 1392 427 1419 vidi
443 1401 508 1419 eum
524 1391 670 1428 quondam
682 1412 690 1427 ,
713 1395 757 1418 ast
773 1391 865 1418 obiter
881 1391 998 1426 saltem,
1021 1391 1096 1418 inter
1111 1391 1168 1418 alia

117 1436 229 1463 rariora
253 1435 347 1462 dictae
371 1434 584 1469 Bibliothecae3
615 1438 717 1469 postea
739 1442 806 1459 vero
831 1442 848 1459 a
871 1432 1090 1459 Consultissimo
1107 1433 1166 1460 DN.

84 1481 89 1484 '
116 1477 161 1505 Io.
182 1477 302 1504 lacono
327 1476 492 1503 Mascovio
505 1496 513 1510 ,
535 1475 676 1502 Senatore
692 1473 770 1511 Lips.
787 1474 837 1510 qui
853 1483 950 1501 curam
975 1474 1124 1501 ornandae
1140 1479 1167 1501 et

117 1518 271 1555 augendae
289 1517 380 1544 indies
396 1517 596 1544 Bibliothecae
612 1517 681 1553 agit,
698 1517 831 1554 precibus
847 1516 1009 1552 impetravi,
1020 1515 1167 1543 utdoctis-

117 1560 189 1588 simo
205 1559 245 1587 Μ.
261 1558 308 1587 Io.
327 1557 432 1586 Andr.
449 1556 545 1586 I'vfficlz.
565 1557 707 1594 Ναὲςϊῖἱο,
731 1555 943 1591 Solisbacensi,
968 1558 1082 1594 copiam
1106 1558 1167 1584 eius

117 1601 313 1640 perlustrandi
344 1600 462 1628 faceret.
526 1601 701 1628 Possederat
737 1610 803 1627 eum
833 1600 901 1627 olim
931 1600 1166 1627 Consultissimus

116 1643 271 1680 Gonzms,
295 1642 422 1671 Semnus
431 1641 600 1678 Lipsiensis
618 1641 716 1678 decus,
736 1648 762 1669 et
779 1639 979 1669 Bibliothecae
994 1640 1168 1668 Senatoriae

109 1684 306 1724 felicissimus
331 1684 548 1721 Restam·ator‚·
579 1685 627 1712 hic
647 1685 747 1712 forsan
769 1685 798 1711 in
819 1684 921 1711 itinere
936 1684 1096 1719 litterario,
1117 1688 1167 1710 aut

117 1728 181 1764 ipse
202 1736 267 1754 cum
282 1728 488 1765 Manuscriptis
514 1727 651 1763 contulit,
677 1730 727 1753 aut
749 1726 917 1753 collationes
941 1726 976 1752 ab
993 1725 1055 1752 aliis
1071 1734 1167 1753 susce-

118 1773 201 1806 ptas,
231 1769 354 1797 describi
379 1770 498 1797 curavit.
547 1769 625 1804 Imo,
654 1768 678 1795 si
697 1767 869 1795 coniecturis
892 1767 1001 1804 aliquid
1026 1767 1166 1803 dandum,

118 1819 225 1846 magna
240 1815 283 1837 est
299 1811 500 1838 convenientia
515 1811 676 1847 scripturae
686 1830 695 1845 ,
717 1810 746 1836 in
761 1809 890 1846 margine
905 1809 970 1836 libri
986 1809 1080 1844 citati,
1101 1818 1166 1836 cum

119 1860 209 1879 manu
225 1852 342 1879 Henrici
358 1852 510 1889 Stephani.
555 1852 745 1879 Inveniuntur
768 1851 798 1878 in
822 1860 874 1886 eo,
897 1854 1013 1888 praeter
1027 1850 1166 1878 lectiones

120 1892 275 1930 variantes,
299 1897 397 1930 notae,
419 1898 448 1921 et
471 1893 701 1929 emendationes,
725 1893 801 1930 typis
816 1893 912 1920 excusi
928 1892 1012 1919 huius
1029 1893 1165 1930 exempli.

119 1934 216 1962 Notae
236 1935 389 1962 maximam
411 1940 523 1972 partem
545 1935 653 1973 petitae
677 1939 743 1961 sunt
767 1944 803 1962 ex
823 1934 985 1970 Strabone,
1014 1933 1164 1972 Stephano

120 1975 299 2012 Byzantino,
314 1977 459 2004 Eustathii
475 1977 774 2004 Commentationibus
790 1976 827 2005 ad
844 1976 975 2012 Dionysii
991 1975 1165 2013 Periegefin,

120 2017 256 2055 Arriano,
276 2018 407 2055 Scylace,
429 2019 536 2054 Plinio,
559 2018 647 2054 Mela,
663 2018 784 2055 aliisque
798 2018 941 2046 veteribus
957 2017 1164 2055 Scriptoribus.

120 2058 237 2096 Manus,
259 2070 317 2098 qua
338 2061 475 2088 lectiones
497 2060 603 2097 variae,
624 2064 711 2087 notae
732 2064 761 2088 et
776 2060 968 2087 correctiones
983 2064 1049 2086 sunt
1065 2069 1165 2087 exara-

121 2105 179 2134 tae,
203 2106 246 2129 est
268 2102 448 2138 nitidissima,
470 2111 565 2139 neque
588 2111 715 2139 unquam
738 2102 857 2129 maculis
880 2105 930 2129 aut
952 2102 1044 2128 lituris
1060 2101 1165 2138 depra-

121 2147 196 2170 vata.
239 2143 344 2180 Signa,
366 2145 470 2181 quibus
494 2144 657 2179 indicatur,
681 2143 759 2171 unde
783 2143 929 2180 quaelibet
950 2143 1034 2170 lectio
1051 2144 1164 2171 varians

121 2184 158 2213 sit
172 2184 314 2222 desumta,
329 2190 406 2223 sunt,
422 2186 467 2214 vel
482 2186 609 2213 litterae:
624 2186 661 2213 V.
676 2185 712 2213 B.
727 2185 760 2213 P.
770 2185 834 2213 VV.
849 2185 894 2212 vel
909 2185 1081 2222 compendia
1096 2186 1164 2212 scri-

121 2225 221 2254 bendi:
243 2226 306 2255 MS.
321 2228 388 2255 Vat.
410 2227 474 2255 MS.
489 2228 592 2255 VatiC.
617 2227 680 2255 MS.
696 2227 759 2255 Pal.
775 2227 838 2255 MS.
853 2227 941 2254 Barb.
958 2227 993 2254 V.
1010 2227 1082 2254 alius
1097 2227 1163 2254 Vat.

119 2267 224 2296 minor.
239 2269 319 2296 Vatt.
335 2269 409 2297 Pau.
439 2269 487 2297 Sic
516 2269 580 2297 MS.
625 2270 760 2297 Ceterum
781 2269 892 2296 nullum
914 2268 996 2296 adest
1015 2269 1164 2305 indicium,

120 2318 156 2337 ex
179 2319 239 2347 quo
261 2315 324 2339 tuto
349 2311 483 2339 concludi
504 2315 614 2349 posset,
639 2311 686 2338 ubi
702 2311 833 2339 instituta
847 2310 935 2338 suerit
950 2311 1078 2347 collatio,
1100 2320 1163 2338 cum

121 2351 266 2380 codicibus
281 2353 385 2381 MStis:
408 2354 464 2380 nisi
480 2353 562 2391 quod
581 2354 633 2381 sub
648 2353 762 2380 initium
777 2353 842 2380 libri
858 2353 908 2380 IV.
924 2353 953 2379 in
969 2353 1097 2390 margine
1113 2353 1164 2380 ad-

121 2392 182 2420 dita
203 2394 260 2422 sint
279 2394 351 2423 haec
373 2396 476 2423 verba:
509 2394 582 2423 coll.
597 2404 661 2423 cum
678 2394 755 2423 MS.
778 2393 876 2423 Vatfc.
902 2393 971 2424 1'7'7.
992 2400 1019 2422 et
1040 2404 1103 2423 cum
1119 2393 1162 2423 B.

121 2432 274 2464 Praeterea
290 2437 451 2464 notandum
467 2441 520 2474 est,
528 2437 665 2465 lectiones
681 2438 824 2465 variantes
839 2437 869 2464 in
884 2436 942 2464 fine
957 2436 1023 2464 libri
1038 2437 1163 2474 septimi,

121 2479 150 2502 et
175 2476 205 2503 in
227 2482 287 2516 toto
303 2479 377 2506 libro
394 2483 494 2507 octavo
506 2499 516 2515 ,
536 2488 597 2507 esse
619 2479 776 2507 admodum
791 2488 887 2515 raras;
908 2478 1035 2515 itemque
1051 2479 1163 2506 codices

121 2515 208 2545 MSS.
220 2518 391 2551 Vaticanum
399 2526 427 2548 et
434 2521 676 2552 Barberinianum
692 2521 807 2558 saepius
822 2520 1009 2558 suppeditare
1025 2520 1163 2548 lectiones

122 2559 226 2594 varias,
249 2570 336 2599 quam
360 2569 480 2590 ceteros.
524 2563 557 2590 In
573 2563 662 2590 Libro
679 2563 772 2600 primo
790 2563 863 2590 Cod.
880 2562 946 2589 Vat.
963 2561 1013 2589 sed
1028 2562 1058 2588 in
1074 2562 1161 2590 Libro

121 2601 207 2628 tertio
224 2601 323 2631 Codex
336 2604 563 2633 Barberinianus
582 2605 711 2632 omnium
730 2605 852 2632 maxime
868 2603 1048 2631 occasionem
1063 2603 1163 2631 lectio-

121 2649 191 2669 num
220 2644 350 2672 varietati
378 2646 529 2675 dederunt.
572 2646 680 2675 Utrum
707 2655 743 2674 ex
767 2650 932 2684 comparata
958 2645 1013 2672 hac
1035 2645 1163 2673 editione

639 517 750 553 Explic.
774 515 825 543 sol.
848 514 917 544 121.
943 516 984 541 b.:
1007 525 1060 552 que
1071 515 1188 554 fay'a'

122 2683 327 2722 Geographiae
341 2685 500 2716 Ptolemaei
515 2697 580 2716 eum
594 2688 680 2716 MSS.
696 2687 841 2726 speranda
855 2688 912 2714 sint
925 2695 1030 2724 magna
1044 2687 1162 2715 lacuna-

122 2733 186 2753 rum
200 2727 414 2767 supplementa,
427 2730 448 2758 ii
462 2730 633 2769 dispicient,
646 2730 750 2769 quibus
764 2729 926 2759 accuratius
940 2737 1005 2758 eam
1019 2738 1084 2757 eum
1099 2729 1161 2758 aliis
1176 2746 1182 2770 l

1205 306 1337 334 conferre
1367 311 1409 334 est
1439 308 1618 344 permissum.
1660 307 1821 345 Pleraeque
1843 310 1919 336 enim
1942 310 2078 338 lectiones
2102 311 2244 339 variantes

1205 349 1330 384 singulas
1347 349 1479 385 solasque
1497 350 1603 384 literas,
1626 350 1760 385 syllabas,
1776 356 1826 377 aut
1840 360 1923 378 voces
1940 358 2132 387 concernunt,
2157 359 2184 380 et
2200 354 2245 381 vix

1205 395 1330 426 quatuor
1353 395 1419 417 sunt
1442 391 1504 418 loca
1520 401 1554 418 ex
1570 392 1655 418 MSS.
1672 397 1810 419 annotata
1825 398 1911 429 atque
1928 403 2073 430 expressa,
2098 404 2171 430 quae
2188 399 2244 422 tres

1205 437 1254 458 aut
1277 436 1402 468 quatuor
1423 434 1576 460 restituunt
1599 443 1704 461 versus.
1750 435 1831 461 Dabo
1856 435 1889 462 l..
1911 435 1944 462 11.
1968 436 2113 471 specimen
2135 445 2169 462 ex
2189 436 2245 464 hoc

1205 474 1303 501 codice
1319 474 1511 511 descriptum,
1534 476 1662 511 quinque
1677 476 1737 502 scil.
1754 477 1852 512 priora
1871 477 1947 503 Libri
1964 478 2047 513 primi
2065 477 2184 513 (apita,
2209 486 2245 506 ex

1205 525 1262 552 quo
1283 516 1319 543 de
1341 520 1401 542 toto
1422 526 1510 553 opere
1532 517 1651 544 iudicari
1671 517 1798 553 potest.“
1844 519 1906 545 Hoc
1926 519 2020 555 ipsum
2040 519 2184 556 specimen
2199 519 2247 546 hic

1205 562 1336 594 repetere
1352 558 1432 593 nolo,
1448 558 1535 594 idque
1550 568 1584 585 eo
1602 559 1705 594 minus,
1721 560 1799 596 quod
1816 560 1887 587 libro
1904 565 2002 587 nostro
2019 562 2076 587 scio
2091 559 2246 597 Nobbz'um,

1206 599 1295 626 virum
1312 600 1431 635 clariss„
1453 600 1487 626 ad
1505 600 1659 627 editionem
1676 610 1762 636 quam
1778 607 1861 637 parat
1876 602 2034 630 Ptolemaei
2051 613 2133 630 usum
2149 603 2245 630 fuisse.

1206 641 1231 667 ls
1247 650 1329 676 vero,
1354 651 1411 677 qua
1427 651 1540 678 semper
1556 642 1584 668 iu
1601 652 1645 669 me
1662 642 1715 668 suit
1733 644 1949 679 benevolentia,
1971 654 1987 671 a
2005 654 2048 671 inc
2064 650 2180 681 rogatus
2196 645 2246 672 de-

1206 683 1326 723 promsit
1348 692 1363 709 e
1387 683 1497 709 scriniis
1522 693 1595 719 quae
1616 684 1678 720 ipse
1694 684 1730 710 de
1746 685 1818 711 libro
1836 690 1935 712 nostro
1952 687 2004 712 sibi
2020 687 2129 713 norwit
2145 691 2172 714 et
2188 696 2246 714 lne-

1205 733 1268 750 cum
1285 724 1324 751 ita
1340 725 1569 759 coinmunicaxit,
1587 730 1617 751 ut
1633 734 1689 761 qua
1706 726 1805 753 vellen]
1823 728 1933 753 ratione
1949 727 2003 753 illis
2020 728 2117 755 utendi
2134 729 2247 765 copiam

1204 765 1322 793 faceret.
1366 766 1392 793 Is
1408 771 1503 793 autem
1520 766 1590 793 haec
1606 767 1640 794 de
1658 767 1730 793 libro
1747 772 1846 794 nostro
1863 769 1988 805 scripsit:
2021 770 2127 803 „luxta
2148 770 2246 796 inscri-

1204 807 1333 844 ptionem
1358 808 1422 835 libri
1441 808 1487 835 lV.
1505 809 1639 844 leguntur
1654 808 1725 835 haec
1742 810 1826 836 xerba
1848 808 1896 841 (ab
1913 820 1947 836 eo
1963 810 2084 847 scripta,
2105 812 2154 847 qui
2170 820 2186 838 a
2202 819 2247 839 me

1205 849 1285 885 prior
1308 854 1426 876 vocatur
1446 850 1629 885 Anonymus,
1660 851 1738 886 quod
1761 851 1827 878 inde
1849 853 1884 879 ab
1910 853 1990 878 initio
2015 853 2108 888 operis
2130 853 2248 889 vestigia.

1205 891 1265 917 eius
1288 891 1515 928 conspiciuntur,
1540 892 1589 918 sed
1606 893 1695 919 serius
1719 894 1840 920 contulit
1856 900 1883 921 et
1899 893 2050 929 adscripsit
2065 894 2248 921 collationem

1205 936 1233 959 et
1248 932 1464 968 adnotationes,
1489 942 1575 969 quam
1600 934 1648 970 qni
1669 935 1806 961 crassiore
1822 940 1983 963 atramento
2000 936 2104 972 pinxit)
2130 937 2156 962 in
2174 945 2248 963 mar-

1204 974 1270 1010 gine
1286 984 1314 1011 p.
1336 973 1402 1004 180.
1419 975 1617 1003 ed.Weehel.:
1644 976 1796 1011 „Collatus
1813 987 1876 1004 cum
1892 977 1955 1004 MS.
1971 978 2037 1003 Yat.
2057 976 2124 1006 177.
2141 982 2167 1004 et
2184 987 2248 1004 cum

1205 1014 1269 1042 13.“
1312 1016 1456 1053 Deinceps
1478 1017 1558 1044 Vatt.
1583 1016 1629 1044 hic
1651 1018 1708 1044 illic
1732 1019 1880 1055 scribitur,
1907 1024 1937 1045 ut
1958 1029 1986 1056 p.
2004 1018 2072 1047 181.
2092 1017 2160 1048 184.
2178 1018 2247 1048 185.

1205 1057 1244 1084 sic
1260 1062 1291 1084 ut
1306 1058 1403 1094 plures
1419 1059 1551 1085 Vaticani
1568 1059 1680 1087 codices
1705 1060 1802 1087 collati
1819 1061 1978 1088 videantur.
2023 1059 2107 1087 Duos
2129 1061 2248 1087 collatos

1205 1108 1267 1124 esse
1282 1099 1437 1125 vaticanos
1460 1101 1568 1127 clarum
1585 1106 1643 1135 est,
1668 1102 1747 1137 quod
1772 1111 1838 1138 pag.
1857 1102 1925 1132 186.
1943 1103 2007 1129 Vat.
2024 1104 2118 1129 minor
2133 1103 2248 1138 citatur,

1205 1139 1277 1166 alter
1292 1139 1328 1166 Υ.
1345 1149 1373 1176 p.
1392 1139 1461 1169 189.
1480 1158 1516 1162 —-
1561 1142 1652 1167 Porro
1670 1143 1806 1179 deinceps
1821 1144 1970 1170 Palatinus
1987 1145 2106 1171 collatus
2123 1149 2175 1179 est,
2199 1144 2248 1180 qui

1205 1180 1309 1206 abhinc
1324 1181 1395 1215 sigla
1410 1181 1442 1207 P.
1459 1186 1588 1215 notatur,
1604 1191 1681 1208 nunc
1697 1184 1786 1217 solus,
1803 1194 1880 1210 nunc
1897 1195 1953 1211 una
1969 1195 2032 1212 cum
2049 1186 2082 1213 B.
2099 1186 2163 1213 YV.
2185 1185 2248 1212 Pri-

1205 1229 1282 1246 mum
1305 1221 1409 1247 citatur
1430 1221 1509 1248 iuxta
1524 1218 1638 1258 Άβύλη
1660 1232 1689 1259 p.
1713 1222 1782 1252 182.
1805 1225 1850 1252 ed.
1866 1225 1995 1253 VVechel.
2018 1235 2071 1263 per
2092 1227 2191 1263 siglam
2214 1227 2248 1254 P.

1203 1260 1321 1288 Plenius
1343 1262 1476 1289 scribitur
1497 1264 1557 1290 eius
1582 1273 1687 1291 nomen
1708 1274 1736 1301 Ρ.
1756 1264 1840 1294 183.ε
1870 1266 1964 1295 Palat.
1989 1269 2074 1295 etiam
2098 1268 2159 1295 Pal.
2178 1267 2247 1298 185.

1204 1307 1258 1329 etc.
1289 1303 1362 1330 Cod.
1378 1303 1440 1331 Pal.
1463 1304 1568 1332 dicitur
1591 1314 1656 1342 pag.
1694 1305 1745 1334 24.
1789 1307 1943 1336 Praeterea
1958 1309 1991 1337 B.
2015 1310 2131 1346 siglam,
2161 1319 2249 1346 quam

1203 1348 1289 1371 antea
1305 1346 1462 1372 sexcenties
1478 1346 1507 1373 in
1522 1348 1720 1383 superioribus
1737 1348 1814 1376 libris
1830 1349 1975 1386 adpictam
1990 1344 2128 1387 vidimus,
2151 1357 2178 1379 et
2193 1351 2248 1379 Ms.

1203 1385 1358 1422 significari
1374 1387 1578 1424 intelleximus,
1600 1398 1626 1416 V.
1644 1398 1667 1416 c.
1684 1399 1713 1426 p.
1731 1388 1800 1418 144.
1817 1391 1862 1418 ed.
1878 1391 1997 1426 Wech„
2022 1393 2069 1419 ubi
2085 1393 2190 1429 legitur
2205 1393 2248 1420 di-

1203 1432 1279 1455 serte
1298 1428 1353 1455 Ms.
1376 1429 1428 1464 B.‚
1449 1429 1505 1456 iam
1527 1431 1667 1467 explicari
1689 1431 1826 1458 videmus.
1870 1432 1903 1459 P.
1922 1431 1990 1462 185..
2012 1433 2149 1468 leguntur
2169 1433 2248 1459 codi-

1204 1478 1269 1496 cum
1289 1470 1407 1497 nomina
1429 1471 1469 1498 ita
1484 1472 1605 1508 scripta:
1629 1472 1692 1499 Pal.
1709 1477 1737 1500 et
1751 1473 1830 1500 Vatt.
1846 1473 1934 1500 Barb.
1958 1491 1994 1494 ——
2040 1474 2127 1501 Bai-b.
2153 1479 2249 1501 autem

1204 1511 1265 1547 ipse
1282 1521 1399 1548 quoque
1415 1517 1566 1540 enarrator
1581 1518 1679 1541 noster
1694 1513 1748 1541 Ms.
1764 1515 1851 1542 Barb.
1868 1515 1955 1549 dixit,
1981 1525 2005 1542 V.
2022 1525 2046 1543 c.
2063 1525 2092 1552 Ρ.
2108 1515 2178 1545 369.
2202 1515 2247 1544 ed.

1203 1552 1249 1579 W.
1293 1553 1427 1590 Denique
1450 1563 1480 1590 p.
1504 1555 1590 1582 etiam
1613 1556 1777 1583 Palatinum
1800 1556 1913 1584 xidetur
1933 1562 2035 1585 notare
2059 1562 2087 1584 et
2108 1559 2136 1585 b.
2159 1557 2247 1585 Bari).

1204 1595 1254 1621 His
1285 1595 1362 1622 enim
1391 1597 1568 1633 compendiis
1597 1598 1743 1624 brevitatis
1774 1608 1874 1626 caussa
1893 1599 2015 1636 posthac
2036 1609 2103 1626 usus
2124 1599 2247 1627 videtur.

1202 1636 1387 1673 Quamquam
1402 1637 1437 1665 B.
1457 1639 1483 1665 b.
1500 1648 1529 1675 p.
1545 1647 1632 1675 saepe
1655 1639 1754 1666 eadem
1771 1641 1876 1676 pagina
1898 1646 2085 1677 comparent,
2107 1640 2169 1670 254
2184 1650 2248 1678 sqq.

1202 1677 1330 1705 Primum
1346 1676 1375 1706 b.
1392 1679 1480 1715 siglae
1496 1681 1644 1717 vestigium
1661 1686 1703 1708 est
1719 1691 1748 1718 p.
1762 1681 1834 1711 201.
1852 1682 1987 1718 (tortasse
2003 1683 2075 1710 alter
2091 1683 2174 1719 Van,
2198 1683 2249 1710 sed

1202 1729 1231 1747 a,
1248 1729 1308 1747 non
1329 1720 1499 1758 comparet.)
1521 1747 1530 1755 ,
1543 1722 1606 1749 Nec
1621 1727 1716 1759 potest
1736 1723 1772 1750 de
1789 1724 1928 1751 Vaticano
1944 1725 2074 1761 intelligi.
2118 1725 2193 1751 Nam
2210 1725 2250 1752 ita

1203 1762 1419 1798 distinguuntur
1435 1772 1464 1799 p.
1479 1762 1568 1793 346.:
1592 1764 1657 1800 „sic
1667 1763 1733 1792 Ms.
1756 1763 1784 1792 b.
1808 1772 1834 1793 et
1850 1764 1949 1794 γαπ(
1993 1766 2144 1802 Nusquam
2162 1767 2248 1794 etiam

1202 1803 1236 1831 B.
1254 1804 1281 1830 b.
1298 1808 1348 1830 aut
1363 1804 1395 1831 P.
1411 1813 1440 1841 p.
1458 1811 1683 1842 componuntur.
1727 1805 1744 1834 b
1766 1807 1946 1844 frequentius
1968 1808 2105 1845 scriptum
2122 1812 2164 1835 est
2181 1808 2248 1835 inde

1202 1854 1218 1872 a
1235 1854 1301 1882 pag.
1317 1845 1388 1874 254.
1400 1856 1434 1881 p.
1450 1847 1610 1874 minuscula
1626 1848 1721 1876 littera
1737 1850 1860 1885 primum
1878 1855 2025 1886 comparet
2041 1850 2152 1887 p.2.55.
2171 1848 2248 1877 MS·

1201 1885 1229 1914 ὂ.
1253 1885 1328 1914 delet
1348 1887 1478 1925 afimcle
1500 1899 1528 1926 p.
1543 1889 1616 1919 288.
1663 1891 1737 1918 Hine
1752 1889 1779 1918 b.
1797 1896 1919 1929 apparet
1934 1901 1995 1919 esse
2011 1892 2112 1928 siglam
2127 1891 2190 1919 MS.
2210 1909 2245 1913 —

1202 1929 1325 1957 Videtur
1345 1935 1442 1958 autem
1465 1931 1514 1957 ubi
1535 1932 1646 1959 nullum
1667 1932 1795 1960 codicem
1816 1933 1965 1969 nominat,
1987 1933 2054 1960 Vat.
2076 1934 2246 1970 intelligere.

1201 1971 1278 1998 Nam
1299 1976 1359 1998 tum
1378 1981 1405 1999 v.
1423 1982 1445 1999 c.
1471 1973 1578 2008 scribit,
1600 1983 1774 2011 quamquam
1800 1975 1829 2002 in
1845 1979 1924 2002 textu
1940 1979 1983 2003 est
2001 1973 2111 2012 Τιμι’κη
2129 1985 2158 2013 p.
2177 1974 2246 2005 188-

1201 2013 1257 2040 hoc
1272 2014 1375 2041 modo:
1401 2012 1503 2050 Τιμίκι
1526 2020 1554 2042 et
1572 2015 1606 2042 B.
1629 2021 1657 2043 et
1677 2017 1717 2043 sic
1739 2026 1826 2054 saepe
1848 2017 1928 2045 alias.
1973 2017 2009 2044 cf.
2027 2016 2096 2047 184.
2141 2016 2247 2054 (Inter-

1201 2055 1269 2082 dum
1295 2055 1462 2092 simpliciter
1483 2062 1724 2085 commemoratur
1743 2059 1805 2086 sine
1826 2060 1943 2087 nomine
1964 2059 2074 2095 codeX,
2103 2063 2152 2086 ut:
2179 2057 2245 2086 Ms.

1202 2106 1230 2133 p.
1245 2096 1338 2134 260.)
1363 2115 1397 2119 —-
1445 2098 1613 2126 Cavendum
1632 2103 1728 2127 tamen
1750 2104 1809 2136 est,
1838 2110 1874 2128 ne
1895 2101 1974 2128 nullo
1997 2101 2092 2128 variae
2115 2101 2246 2128 lectionis

1200 2143 1320 2166 auctore
1343 2139 1491 2167 nominato
1513 2150 1627 2177 semper
1648 2151 1713 2169 eum
1735 2143 1874 2179 cogitasse
1899 2143 1935 2170 de
1950 2143 2015 2171 Vat.
2032 2147 2126 2180 putes.
2169 2142 2245 2169 Nam

1200 2181 1371 2217 simpliciter
1386 2182 1472 2209 etiam
1490 2186 1520 2209 ut
1535 2183 1648 2210 videtur
1662 2184 1780 2211 aliunde
1796 2184 1916 2212 adnotat
1931 2185 2048 2221 passim,
2073 2185 2145 2212 alios
2161 2185 2247 2211 aliter

1200 2222 1305 2258 legere.
1350 2222 1395 2250 Cf.
1421 2233 1449 2260 p.
1468 2222 1538 2254 185.
1563 2229 1591 2252 et
1615 2225 1695 2253 alias.
1737 2226 1883 2264 Deinceps
1906 2235 1966 2254 non
1990 2227 2045 2253 nisi
2070 2235 2128 2254 una
2143 2235 2245 2253 manus

1200 2264 1260 2300 illa,
1284 2273 1371 2301 quam
1386 2264 1444 2293 dixi
1462 2266 1600 2303 priorem,
1626 2267 1807 2305 compa1·et.“

1677 2332 1764 2368 XV.

1588 2381 1675 2415 [nep.
1697 2382 1718 2408 1.
1740 2383 1784 2409 foi.
1804 2383 1864 2417 25]

1200 2431 1301 2460 Codex
1321 2434 1556 2463 membranaceus
1577 2445 1650 2464 saec.
1666 2436 1730 2464 XV.
1755 2437 1785 2464 in
1803 2437 1886 2464 Italia
1900 2437 2039 2475 scriptus,
2064 2437 2245 2474 elegantissi-

1240 2484 1314 2510 mus,
1330 2475 1431 2503 litteris
1447 2477 1603 2505 initialibus
1619 2478 1702 2515 pictis
1718 2482 1746 2506 et
1761 2479 1878 2514 auratis,
1897 2479 2131 2517 inscriptionibus
2147 2480 2244 2505 rubris

1241 2521 1380 2553 ornatus,
1410 2519 1594 2547 membranae
1616 2521 1813 2555 laevissimae,
1849 2521 1981 2548 brevibus
2005 2521 2180 2557 argumentis
2212 2521 2241 2547 in

1240 2559 1370 2595 margine
1392 2559 1529 2588 latissimo
1554 2562 1676 2599 scriptis.
1721 2562 1784 2589 Fol.
1802 2560 1829 2591 1.
1845 2571 1871 2590 a.
1896 2567 1925 2590 et
1946 2561 2015 2591 112.
2034 2563 2058 2590 b.
2076 2563 2151 2599 picta
2174 2566 2243 2588 sunt

1240 2599 1364 2637 insignia
1379 2601 1527 2630 cuiusdam
1543 2604 1713 2631 Cardinalis.
1757 2604 1811 2630 Hic
1830 2604 1902 2631 liber
1923 2604 1953 2631 in
1970 2604 2169 2631 bibliothecam
2188 2613 2241 2629 no-

1239 2645 1327 2669 stram
1350 2647 1442 2671 emtus
1467 2649 1510 2672 est
1530 2654 1565 2672 ex
1595 2645 1729 2672 auctione
1753 2644 1840 2673 Sella·
1866 2645 1982 2682 Lipsiae
2010 2645 2100 2675 1737.
2128 2645 2239 2672 habita.

1238 2683 1305 2710 Vid.
1322 2684 1383 2711 eius
1399 2685 1482 2714 catal.
1498 2691 1567 2714 sect.
1582 2687 1605 2714 Ι.
1620 2696 1687 2724 pag.
1702 2685 1753 2717 4¹7.
1769 2697 1847 2717 num.
1863 2686 1934 2718 9¹72.
1971 2688 2166 2716 Continentur
2181 2686 2239 2713 hoc

1238 2724 1325 2763 libro,
1347 2727 1397 2765 qui
1413 2725 1474 2759 112
1489 2728 1551 2757 soll.
1573 2728 1674 2758 habet:
