2482 3068
1165 178 1225 221 13

130 313 159 340 in
175 309 377 340 bibliothecam
392 309 574 337 Senatoriam
590 307 670 335 illata
691 310 734 335 est
756 305 869 343 scriptis
884 304 1065 343 philologieis
1081 303 1172 331 reser-

131 353 257 388 tissima,
289 361 355 379 eum
380 351 468 379 fuisse
496 350 648 389 probabile
672 349 716 378 sit.
763 348 808 377 Cs.
835 346 933 376 Goetz.
956 347 992 375 de
1015 346 1083 375 bibl.
1110 355 1170 374 sen.

129 394 210 432 Lips.
225 402 292 431 pag.
310 391 404 430 16.].‘⁴

564 447 739 483 XXXVI.

501 497 587 530 [nep.
608 498 629 522 1.
650 499 674 524 4.
694 499 736 523 36.
756 495 802 530 a.]

130 536 231 565 Codex
252 537 487 564 membranaceus
510 544 584 563 saec.
606 535 684 562 XIII.
716 543 781 561 cum
804 532 904 569 glossis
929 531 1005 558 inter
1029 530 1121 558 lineas
1145 532 1173 556 et

169 577 286 606 scholiis
309 578 346 605 ad
361 577 517 613 marginem
534 576 704 613 adscriptis,
729 575 831 602 litteris
847 574 1003 601 initialibus
1020 572 1172 599 maximam

170 623 284 657 partem
299 619 386 646 minio
403 619 497 655 pictis,
513 619 625 645 duabus
641 617 780 645 columnis
796 620 944 650 exaratus,
969 613 1095 651 [praeter
1110 613 1172 640 soll.

169 660 221 691 39.
243 670 268 688 a.
292 665 320 688 et
344 661 370 688 b.
396 665 424 687 et
444 659 510 695 40.‚
539 660 588 697 ubi
612 663 732 696 propter
758 659 919 686 litterarum
945 655 1173 691 magnitudinem

169 703 285 730 nonnisi
307 711 365 729 una
389 702 523 728 columna
538 701 622 728 scribi
637 699 744 738 potuit}
759 699 931 726 characteris
951 707 1009 725 nou
1026 697 1173 733 inelegan-

169 744 222 779 tis,
238 743 289 771 sed
304 743 461 770 admodum
482 743 568 778 varii,
584 743 620 770 ab
643 751 701 770 uno
716 746 832 776 tamen,
849 745 879 767 ut
895 739 1026 775 videtur,
1054 738 1171 766 librario

169 784 313 823 prosec1i3
338 785 435 813 folior.
450 784 500 814 76.
545 784 696 821 Leguntur
716 783 772 810 hoc
796 782 907 809 codice:

212 827 245 855 P.
275 827 419 854 menu
450 827 601 854 Manoxis
630 826 800 853 Guoamcn
833 832 872 851 ΕΤ
897 824 1029 851 Anxius.

128 866 264 905 (T)1'ture
289 874 322 895 m
345 867 451 904 patule
478 865 621 896 recubans
646 865 699 894 sub
723 866 845 901 tegmine
864 865 939 902 fagi
963 869 1016 892 cet.

131 908 262 948 Wtaque
281 920 345 938 cum
362 911 471 946 gemitu
482 910 574 948 fugit
594 907 751 945 indignata
771 906 824 936 sub
846 906 974 935 umbras.

127 952 159 981 in
173 952 232 981 fine
245 953 382 989 leguntur
397 952 427 979 hi
441 961 557 980 versus:

292 993 342 1016 Hic
358 993 439 1023 spirat
456 997 543 1016 turmcs
553 991 642 1022 fatali
656 995 734 1014 morte
749 990 879 1020 subactus

293 1026 419 1050 Pallantis
432 1031 519 1050 turnus
535 1025 641 1049 moritur
659 1025 689 1047 de
706 1029 774 1048 ueste
794 1024 903 1055 superb,-

297 1060 398 1091 Oppetz't
416 1060 456 1083 liic
473 1064 559 1084 turnus
576 1059 688 1089 aduerso
701 1063 802 1090 pectore
811 1057 912 1089 soſj‘us·

128 1094 207 1123 Tum
221 1100 384 1131 sequuntur
399 1104 496 1122 versus
512 1095 570 1122 illi:

297 1135 411 1158 Jllunlua
428 1143 466 1158 me
480 1135 578 1165 genuit.
597 1134 697 1157 calabri
710 1141 818 1163 rapuere
835 1135 902 1155 tenet
923 1139 990 1154 nunc

297 1167 455 1198 Parthenope
473 1168 553 1190 cem‘ni
567 1174 663 1197 pascua
680 1174 751 1188 rura.
772 1166 851 1188 duces.

126 1204 202 1230 Ante
217 1203 332 1239 eclogas
348 1203 490 1229 nonnulla
504 1202 612 1236 scripta
627 1201 773 1235 leguntur.
803 1199 948 1224 Primum:
964 1204 1080 1223 carmen
1102 1194 1174 1221 illud

127 1242 224 1272 Ovidii
239 1243 276 1269 ad
292 1243 456 1278 Virgilium,
480 1241 560 1278 quod
575 1241 651 1266 inter
666 1240 873 1275 epigraminata
888 1239 964 1265 illius
980 1238 1009 1264 in
1026 1236 1174 1263 nonnullis

125 1283 302 1312 editionibus
324 1283 438 1320 legitur.
488 1282 580 1318 Incip.
608 1278 755 1316 Virgilius
775 1290 881 1315 magno
903 1285 1040 1317 quantum
1062 1287 1175 1305 conces-

125 1326 163 1354 sit
193 1322 307 1353 homero
335 1330 389 1352 cet.
450 1324 565 1361 Explic.
597 1321 721 1351 Liuort's
751 1322 866 1350 titulum
892 1322 1081 1358 proposuisse
1109 1317 1173 1346 tibi.

126 1367 266 1405 Sequitur
280 1367 403 1394 alterum
419 1375 534 1394 carmen
550 1370 677 1402 quatuor
692 1374 837 1400 versuum,
862 1365 942 1402 quod
958 1365 1046 1400 incip.
1064 1361 1175 1400 Qualia

126 1407 267 1438 bucolicis
288 1413 340 1437 cet.
385 1408 499 1446 Explic.
521 1407 585 1443 lege
604 1408 738 1436 carmina
758 1413 870 1435 nostra.
914 1407 1048 1443 Denique
1073 1405 1174 1441 legun-

126 1456 176 1479 tur
197 1451 259 1478 noti
282 1451 323 1478 illi
345 1459 454 1485 versus,
478 1459 602 1487 quorum
625 1450 752 1477 honores
768 1449 921 1485 Bathyllus
940 1448 1039 1475 tulisse
1055 1447 1172 1473 dicitur:

127 1492 221 1521 Nocte
237 1491 318 1528 pluit
338 1498 400 1520 tota
420 1489 542 1520 redeunt
561 1491 728 1528 spectacula
750 1496 804 1519 cet.
856 1491 955 1518 Additi
985 1493 1068 1523 sunt,
1100 1497 1174 1525 quos

126 1535 265 1572 Virgilius
281 1535 476 1572 composuisse
491 1534 594 1571 fertur,
612 1544 708 1561 versus
719 1555 728 1569 ‚
752 1533 803 1561 sed
819 1542 878 1560 non
894 1532 1014 1568 integri:
1037 1529 1106 1557 Hos
1122 1539 1174 1564 ego

126 1575 283 1606 versiculos
305 1581 359 1604 cet.
402 1576 559 1604 Praeterea
583 1576 743 1604 notandum
767 1580 827 1610 est,
857 1578 1027 1611 argumenta
1048 1571 1078 1602 3.
1101 1577 1129 1600 et
1143 1572 1173 1600 4.

128 1620 203 1648 libro
224 1619 334 1656 Georg.
355 1622 385 1646 et
405 1618 550 1646 Aeneidos
573 1618 652 1645 libris
674 1617 703 1647 3.
719 1617 749 1646 4.
766 1617 794 1646 5.
811 1616 840 1646 6.
855 1615 884 1645 7.
901 1615 930 1645 S.
947 1616 976 1645 9.
997 1614 1044 1643 11.
1070 1619 1098 1642 et
1124 1613 1173 1643 12.

127 1669 191 1689 esse
212 1661 390 1698 praeposita.
417 1677 453 1681 ——
493 1660 548 1687 Hic
571 1659 681 1696 codex,
711 1659 761 1696 qui
785 1659 854 1686 olim
877 1657 932 1685 suit
954 1658 984 1684 in
999 1655 1175 1684 bibliotheca

127 1699 195 1731 ΙοῘι.
215 1699 415 1737 Christoplzori
438 1699 489 1729 W
485 1700 648 1737 agenseilii,
672 1706 703 1728 ut
718 1710 754 1728 ex
769 1701 829 1727 eius
846 1699 1017 1727 emblemate
1032 1699 1062 1725 in
1077 1697 1174 1725 fronte

129 1745 195 1773 libri
218 1744 375 1781 conspicuo
398 1747 493 1781 patet,
515 1745 551 1771 ab
566 1742 684 1778 Sitlz'gz‘o
701 1743 729 1770 in
746 1742 878 1777 Moreto,
900 1740 980 1777 quod
1001 1739 1175 1775 nonhabet,

129 1786 278 1814 consultus
309 1794 370 1812 esse
400 1785 514 1812 dicitur.
565 1785 632 1814 vid.
663 1784 765 1821 virgil.
796 1783 842 1811 ecl.
872 1779 1172 1818 Heynz‘o-lVagner.

129 1827 196 1856 vol.
213 1827 263 1854 IV.
285 1835 352 1863 pag.
369 1826 440 1855 629.
484 1827 579 1859 Quem
593 1827 641 1854 hic
656 1827 698 1853 vir
713 1826 814 1853 doctus
830 1824 991 1860 consuluit,
1015 1828 1058 1852 est
1071 1823 1174 1861 procul

129 1869 219 1897 dubio
243 1867 316 1896 Cod.
332 1867 454 1896 XXXV.
484 1869 573 1906 (Rep.
590 1869 612 1896 Ι.
628 1867 657 1897 4.
673 1867 724 1897 36.
741 1866 781 1904 c.)

503 1928 799 2013 [effe-..1

131 2015 233 2045 Codex
246 2015 434 2043 nitidissimae
449 2019 479 2043 et
492 2016 670 2044 laetissimae
686 2016 888 2049 membranae,
911 2012 963 2041 sed
984 2012 1176 2050 negligentius

173 2062 203 2086 et
226 2058 401 2095 pallescente
423 2057 471 2084 hie
489 2058 548 2085 illic
568 2062 730 2085 atramento
755 2056 895 2093 scriptus,
919 2055 1020 2082 litteris
1036 2055 1176 2091 cuiusque

172 2100 240 2127 libri
259 2099 417 2127 initialibus
439 2099 522 2137 pictis
545 2104 574 2127 ct
593 2100 720 2134 auratis,
741 2099 861 2126 caeteris
883 2097 1039 2124 initialibus
1054 2097 1176 2134 simplici

173 2145 235 2169 arte
258 2141 346 2169 modo
370 2142 476 2176 rubro,
503 2141 590 2169 modo
613 2141 746 2169 caeruleo
774 2140 872 2167 colore
895 2139 1017 2176 scriptis.
1060 2138 1177 2166 Saeculi

1081 820 1173 857 Incip.

1060 863 1172 900 Explic.

1019 905 1174 932 Praeterea

173 2187 218 2211 est
231 2182 295 2210 XV.
338 2182 496 2220 Manipulis
518 2183 660 2210 denorum
683 2182 821 2210 foliorum
843 2181 934 2208 additi
951 2184 1018 2207 sunt
1033 2180 1175 2208 custodes.

172 2223 275 2252 Scriba
289 2224 345 2251 suit
359 2225 606 2262 imperitissimus,
630 2224 688 2252 vid.
709 2222 820 2251 Tibull.
842 2221 889 2250 ed.
909 2219 1042 2250 Huschk.
1068 2227 1137 2250 tom.
1154 2222 1176 2249 Ι.

174 2266 416 2335 plagi-Lhiffsllffl't..
446 2266 531 2294 Folia
551 2271 619 2294 sunt
639 2265 697 2304 53,
728 2275 853 2304 quorum
874 2264 904 2294 1.
920 2266 947 2294 b.
963 2269 992 2293 et
1012 2263 1062 2294 53.
1087 2273 1176 2292 vacua

1290 314 1354 333 rum
1383 305 1470 343 incip.
1499 303 1569 342 Eya
1598 314 1653 340 age
1679 303 1766 343 musa
1790 303 1891 342 novas
1914 303 1946 330 in
1972 302 2104 330 cannino
2133 299 2246 335 concipe

1291 347 1381 385 uit-es
1405 354 1457 375 cet.
1488 353 1516 374 ct
1539 351 1581 375 est
1604 346 1642 376 16
1664 356 1814 381 versuum,
1845 347 1967 373 alterum
1997 345 2082 380 incip.
2112 341 2248 369 Flumine

1292 390 1355 419 ciue
1384 387 1461 425 (sic)
1487 388 1549 417 loco
1568 409 1576 416 .
1593 408 1601 416 .
1620 409 1627 415 .
1647 408 1654 415 .
1674 388 1784 423 pulcra
1805 397 1914 415 verona
1937 390 1990 413 cet.
2023 390 2050 411 et
2079 390 2121 411 cst
2143 384 2163 413 4
2187 393 2249 412 ver-

1292 442 1385 460 suum.
1429 431 1497 458 I'ost
1520 432 1591 458 haec
1613 431 1740 458 carmina
1763 435 1923 466 sequuntur
1945 427 2011 463 [sol.
2027 426 2077 455 48.
2095 425 2136 461 a.]
2161 435 2250 462 quae-

1293 474 1360 501 dam
1380 474 1468 500 rubro
1490 474 1597 509 scripta
1617 473 1653 499 de
1675 473 1731 499 vita
1747 472 1869 507 Tibulli,
1891 471 1979 506 incip.
1996 467 2105 496 Albius
2126 465 2251 505 tibullus

1292 515 1412 554 regalis
1426 515 1520 554 eques
1537 514 1790 553 irgfigniffomna
1813 519 1866 541 cet.
1911 513 1990 539 Ilaec
2005 512 2061 538 iam
2077 509 2158 537 Petr.
2169 507 2250 536 Bur-

1293 567 1416 586 mannus
1445 556 1598 586 Secundus
1633 566 1648 583 e
1678 556 1776 583 codice
1812 555 1875 582 MS.
1908 552 2106 580 Bibliothecae
2142 552 2251 587 Regiae

1292 600 1392 638 (quem
1415 609 1473 627 non
1499 599 1659 627 accuratius
1681 598 1855 633 designavit,
1879 595 1930 623 sed
1950 595 2118 631 simpliciter
2139 598 2252 620 tantum

1293 642 1526 670 commemoravit
1547 641 1583 668 ad
1601 639 1715 666 Anthol.
1732 639 1795 666 Lat.
1817 643 1886 665 tom.
1903 638 1924 665 I.
1949 646 2016 673 pag.
2032 635 2118 673 416.)
2145 634 2252 662 descri-

1293 685 1360 722 psit.
1404 683 1468 711 Ful.
1484 682 1534 711 48.
1550 684 1577 710 b.
1594 692 1635 718 sq.
1652 682 1804 715 leguntur:
1831 688 1945 706 carmen
1960 677 1997 706 cle
2016 683 2104 706 morte
2125 673 2252 712 raphae-

1293 723 1344 765 lis
1358 726 1490 759 cumani,
1514 722 1550 752 de
1570 729 1660 751 morte
1681 720 1791 756 climati,
1812 719 1848 748 cle
1870 727 1960 748 mor-te
1981 717 2106 758 babtiste
2119 718 2253 758 sangui-

1292 769 1377 802 necit',
1401 766 1437 794 dc
1460 773 1549 795 morte
1570 768 1673 800 ioanc3
1716 774 1832 792 carmen
1854 761 1976 790 sbracln·
1998 762 2057 798 [sir]
2080 759 2258 799 mutinenst's

1294 810 1336 840 ad
1354 809 1512 848 tadzssaum
1535 806 1626 847 regis
1640 814 1780 842 nepotem,
1803 806 1854 843 qui
1869 803 2121 832 verecundabatur
2138 802 2253 830 domum

1296 852 1398 890 egredi
1412 863 1444 881 eo
1461 850 1538 890 quotl
1551 850 1728 889 omnescum
1743 848 1940 887 res'pz'cercnt3
1965 857 2080 874 carmen
2088 843 2194 873 t'baclzi
2212 842 2255 872 ‹wl

1295 895 1453 934 ladissaum
1483 890 1573 932 regis
1598 898 1727 928 nepotem
1756 890 1792 918 de
1824 900 1899 926 grue
1932 899 1990 927 qua
2020 898 2083 916 eum
2113 886 2252 922 donauit,-

1299 939 1331 967 T
1330 937 1410 966 home
1432 937 1544 976 senece
1574 932 1721 974 canteriis
1735 940 1820 971 atque
1850 929 1939 971 uatis
1960 933 1991 958 in
2013 940 2111 958 eneam
2130 938 2256 965 ymerum

1296 981 1424 1009 carmina
1445 980 1523 1015 (luo,
1548 987 1671 1015 quorum
1693 977 1778 1014 primi
1801 976 1914 1002 initium
1937 974 1992 1001 hoc
2013 979 2069 1000 est:
2105 971 2254 1010 VENeaJ

1296 1021 1363 1060 (sic)
1390 1018 1510 1060 primis
1533 1016 1690 1058 amnisque
1720 1014 1896 1056 ingentibus
1917 1022 1995 1049 orte,
2035 1015 2153 1042 secundi
2183 1014 2254 1041 hocz

1295 1064 1389 1093 Parce
1406 1074 1484 1100 puer
1504 1064 1638 1100 adquam
1659 1062 1779 1088 nimium
1800 1066 1828 1086 te
1846 1058 1964 1087 credere
1981 1058 2094 1092 paffim.
2140 1057 2184 1083 De
2199 1055 2257 1082 hoc

1299 1106 1413 1135 leoma
1443 1106 1555 1133 Seneca
1583 1104 1733 1138 Camerte,
1764 1103 1829 1138 qui,
1863 1106 1935 1128 teste
1958 1099 2077 1134 Angelo
2099 1096 2257 1132 Bataglini

1295 1148 1398 1186 [Delta
1422 1148 1507 1175 Corte
1528 1146 1696 1174 Leueraria
1719 1145 1747 1172 di
1763 1145 1916 1171 Malatesta
1937 1141 2048 1177 Sigrion·
2070 1139 2103 1168 di
2124 1139 2255 1174 ffimino,

1294 1191 1373 1227 apud
1403 1190 1553 1216 Basiniuin
1582 1188 1660 1224 opp.
1691 1192 1761 1213 tom.
1786 1186 1822 1212 II.
1852 1194 1882 1220 p.
1899 1183 1938 1214 91
1957 1202 1993 1205 —
2011 1183 2080 1219 93]
2111 1184 2146 1210 ab
2177 1190 2254 1209 anno

1296 1230 1423 1260 1420-
1434 1229 1523 1258 1472.
1540 1229 1653 1262 ssoruit,
1680 1232 1708 1254 et
1723 1227 1798 1253 circa
1814 1225 1900 1251 finem
1916 1234 1990 1252 saec.
2005 1226 2084 1253 XIV.
2101 1229 2185 1251 natus
2201 1227 2255 1258 est,

1293 1273 1351 1300 vid.
1368 1281 1442 1308 quae
1458 1268 1627 1298 Huschkius
1649 1267 1882 1295 commemoravit
1903 1267 1933 1293 iu
1954 1266 2000 1293 ed.
2017 1267 2127 1293 Tibulli
2149 1271 2216 1292 tom.
2233 1263 2255 1292 I.

1294 1324 1361 1352 pag.
1384 1313 1527 1341 LXXXV.
1552 1322 1594 1349 sq.
1639 1311 1718 1338 Idem
1738 1306 1907 1336 Huschkius
1928 1308 2014 1335 etiam
2043 1308 2165 1335 alterum
2196 1306 2256 1333 eius

1293 1365 1428 1390 carmen,
1472 1354 1552 1391 quod
1582 1353 1669 1390 incip.
1699 1351 1821 1379 Aeneas
1846 1351 1954 1386 primis
1975 1355 2047 1384 cen,
2091 1349 2110 1376 l.
2141 1349 2159 1376 l.
2190 1356 2256 1384 pag.

1294 1397 1445 1425 LXXXVI
1460 1406 1502 1433 sq.
1528 1396 1604 1433 typis
1627 1395 1749 1422 describi
1770 1394 1888 1421 curavit.
1906 1409 1942 1414 —-
1972 1392 2115 1419 Ultimum
2131 1390 2257 1425 denique

1294 1449 1427 1474 carmen,
1457 1438 1535 1475 quod
1566 1438 1596 1464 in
1620 1436 1728 1463 Codice
1757 1436 1880 1471 legitur,
1911 1433 2128 1470 inscriptionem
2153 1431 2256 1457 habet:

1293 1478 1392 1520 Laus
1401 1481 1517 1516 picture
1538 1489 1592 1517 que
1612 1476 1763 1517 referebat
1784 1475 1928 1504 herculem
1950 1474 2017 1502 dum
2043 1473 2171 1509 prelium
2191 1472 2258 1499 iniit

1295 1534 1360 1553 cum
1381 1522 1471 1550 leone.
1519 1523 1551 1549 In
1574 1521 1632 1548 fine
1657 1520 1761 1548 codicis
1783 1520 1870 1547 verba
1891 1519 1980 1545 rubro
2005 1517 2083 1554 picta
2104 1516 2257 1553 leguntur:

1295 1563 1393 1605 Laus
1405 1566 1567 1604 quicunque
1586 1560 1708 1601 legeris.

1629 1627 1839 1664 XXXVIII.

1575 1678 1662 1711 [Rep.
1682 1678 1702 1703 1.
1724 1678 1769 1703 soi.
1787 1678 1830 1702 30.
1850 1676 1893 1710 a.]

1212 1731 1394 1762 Tmarus,
1424 1725 1612 1758 CATULLUS,
1651 1723 1856 1750 PnornnTlts
1885 1721 1970 1757 Regii
1998 1718 2124 1756 Lepidi,
2153 1716 2257 1753 Prosp.

1254 1769 1410 1799 Odoardus
1440 1773 1468 1794 et
1490 1767 1553 1794 Alb.
1576 1765 1681 1792 Mazali
1704 1763 1816 1800 1481.,
1854 1763 1950 1790 folior.
1979 1760 2055 1793 104,
2090 1759 2132 1788 42
2156 1759 2256 1786 linear.

1253 1813 1357 1845 signat.
1374 1819 1475 1845 a—p.
1507 1807 1567 1843 [Cf.
1584 1805 1688 1834 Eberti
1705 1807 1818 1834 lexicon
1834 1805 1965 1840 bibliogr.
1982 1801 2085 1838 3550]
2115 1801 2258 1828 Ultimum

1253 1847 1356 1881 folium
1380 1852 1477 1886 deest,
1502 1851 1541 1876 ita
1563 1854 1593 1876 ut
1615 1849 1728 1876 desinat
1747 1848 1777 1874 in
1793 1848 1879 1875 verba
1900 1845 2045 1882 [Prope-rt.
2061 1843 2111 1871 lv.
2129 1841 2177 1871 ll.
2193 1839 2256 1877 23]

1252 1892 1379 1932 Sisyphe
1400 1891 1473 1920 mole
1494 1897 1572 1918 vates
1593 1889 1670 1926 [sic]:
1700 1895 1815 1917 taceant
1836 1888 1936 1915 {sionis
1956 1885 2049 1915 orbes.

1295 1936 1455 1973 Adscripsit
1470 1935 1513 1962 vir
1529 1933 1647 1971 quidam
1663 1932 1792 1960 eruditus
1811 1936 1905 1960 notas,

1645 1996 1826 2032 XXXJX.

1602 2046 1686 2081 [Rep.
1705 2047 1728 2072 Ι.
1755 2047 1800 2072 fol.
1819 2045 1866 2078 6.]

1213 2098 1315 2127 Codex
1341 2096 1578 2124 membranaceus
1603 2102 1677 2121 saec.
1700 2092 1751 2120 XI.
1773 2095 1926 2125 exaratus,
1955 2088 2038 2116 lineis
2066 2085 2130 2113 stilo
2153 2083 2258 2119 ductis,

1254 2139 1355 2168 litteris
1371 2135 1654 2170 initialibus-rubris,
1677 2134 1818 2171 scriptura
1834 2132 1946 2159 duabus
1969 2129 2108 2156 columnis
2125 2126 2260 2153 distincta

1254 2190 1346 2218 usque
1366 2179 1403 2207 ad
1423 2179 1474 2206 sol.
1489 2177 1601 2213 35.1›.‚
1626 2176 1723 2204 folior.
1741 2174 1818 2211 llO,
1853 2181 1978 2212 quorum
1998 2170 2048 2201 36.
2067 2171 2092 2198 b.
2115 2168 2259 2205 scriptura

1253 2227 1345 2251 vacat.
1390 2221 1578 2248 Continetur:

1298 2266 1464 2292 Hortarius
1482 2271 1546 2288 cum
1561 2260 1676 2288 scholiis
1692 2259 1814 2286 maxime
1829 2258 1859 2284 in
1876 2260 1929 2284 art.
1944 2258 2040 2293 poet.,
2060 2254 2090 2280 in
2111 2258 2257 2279 sermones

1213 2313 1242 2337 et
1264 2305 1410 2345 epistolas.
1456 2304 1546 2340 Incip.
1572 2298 1729 2340 ZlIecenas
1741 2296 1852 2338 (naurs
1866 2297 1941 2326 eclite
1962 2294 2077 2332 regibus
2102 2298 2154 2321 cet.
2199 2291 2259 2319 Ex·

153 2347 186 2386 a)
218 2347 280 2385 [fol.
294 2350 326 2379 2-
342 2359 359 2377 a
381 2367 419 2371 -
442 2348 494 2379 47.
510 2349 547 2387 a.]
597 2350 690 2378 ALBH
716 2350 852 2378 'I'mULLx
884 2356 1042 2377 CARMINA.
1085 2348 1176 2385 Incip.
1212 2351 1279 2388 plic.
1295 2346 1407 2376 Rideat
1429 2352 1455 2374 et
1473 2345 1580 2381 pulset.
1604 2344 1703 2372 lucina
1726 2342 1792 2380 (sic)
1816 2340 1963 2369 decentius
1985 2345 2056 2366 etas.
2088 2334 2259 2371 Subscripta

214 2391 327 2419 D1V1T
330 2391 389 2419 lAS
403 2390 509 2430 Alius
516 2391 612 2431 fuluo
627 2390 692 2429 fibi
712 2398 850 2427 congerat
871 2401 944 2419 auro
967 2395 1020 2419 cet.

215 2431 285 2460 Aut
299 2439 415 2461 caneret
425 2434 511 2472 forti
526 2436 610 2471 regia
619 2433 696 2462 bella
706 2433 793 2470 pede.
809 2433 857 2470 [Et
872 2435 959 2461 rubro
976 2430 1175 2470 pictawerbaz]

217 2473 305 2503 Finis
338 2474 434 2503 tibulli
468 2474 524 2505 buc
553 2474 612 2517 usq
638 2473 763 2516 exstat.
790 2493 827 2498 —
877 2476 1048 2513 Sequuntur
1076 2473 1177 2502 eadem

219 2525 306 2545 manu
335 2519 457 2556 scripta:

154 2555 187 2592 b)
217 2556 281 2594 [fol.
309 2558 360 2589 47.
384 2561 401 2587 b
425 2578 461 2582 —
485 2560 534 2590 52.
557 2560 604 2598 b.}
650 2562 760 2589 Vama
785 2567 953 2595 mainus,
979 2559 1106 2586 auctoris
1126 2568 1177 2586 no-

217 2601 294 2628 mine
319 2611 379 2629 mm
407 2603 515 2640 ubique
543 2604 703 2632 nominato.

217 2641 269 2671 47.
284 2643 313 2671 b.
327 2643 385 2671 duo
400 2644 537 2681 leguntur
552 2645 696 2681 carmina,
718 2653 843 2682 quorum
858 2643 940 2671 alteri
957 2643 1104 2680 inscriptio
1121 2647 1176 2670 est:

217 2682 278 2712 Ad
285 2685 562 2723 prafflantiffi'mam
576 2687 720 2723 uirginem
734 2686 874 2725 ypsotam
889 2683 926 2713 de
940 2681 1116 2723 magmcolis
1124 2683 1176 2720 ['?];

217 2726 317 2756 alteri:
354 2725 414 2757 Ad
432 2726 533 2757 eadem
555 2727 622 2768 (sic)
648 2729 791 2767 uirginem
825 2727 941 2768 ysaiam
963 2725 1056 2766 (sic).
1098 2726 1178 2756 Alte-

1194 2569 1196 2587 Ι
1214 2566 1257 2588 ter
1272 2569 1336 2587 eum
1353 2566 1463 2586 errasse
1479 2560 1600 2583 constat.

757 2604 798 2630 Ac
827 2602 951 2639 primum
979 2601 1096 2638 quidem
1124 2600 1176 2628 sol.
1194 2592 1197 2630 l
1214 2601 1264 2638 [sic
1285 2605 1367 2628 vocat
1389 2608 1406 2626 a
1425 2598 1546 2635 pristino
1569 2596 1690 2630 ordine,
1719 2603 1778 2631 quo
1795 2592 1888 2620 Codd.
1904 2590 1995 2618 nostri
2017 2588 2150 2616 collocati
2166 2584 2258 2620 erant]

1062 2390 1176 2427 ExpliC.
1194 2405 1196 2418 ι
1213 2397 1280 2420 sunt
1303 2391 1406 2418 verba:
1436 2387 1537 2415 Finito
1559 2385 1633 2414 libro
1655 2384 1741 2413 detur·
1762 2383 1838 2412 bona
1858 2392 1950 2411 uacca
1972 2381 2120 2414 magistro.
2145 2392 2186 2395 —
2218 2374 2258 2404 G·

1212 2433 1261 2462 H.
1282 2431 1416 2461 Martini
1438 2432 1466 2458 in
1490 2430 1535 2458 ed.
1553 2429 1664 2456 Horatii
1686 2428 1806 2455 [aniana
1825 2432 1893 2454 tom.
1910 2425 1931 2453 1.
1958 2432 2024 2461 pag.
2040 2421 2104 2449 XII.
2121 2428 2164 2456 sq.
2180 2418 2259 2445 hunc

1213 2476 1341 2504 codicem
1357 2480 1414 2501 tam
1429 2476 1563 2500 accurate
1578 2470 1743 2508 descripsit,
1768 2474 1799 2496 ut
1814 2477 1874 2495 non
1895 2466 2004 2503 possim
2019 2473 2079 2491 non
2095 2462 2155 2489 eius
2171 2460 2258 2487 verba

1212 2519 1270 2546 huc
1284 2515 1500 2549 transscribere,
1516 2521 1691 2550 quamquam
1710 2512 1740 2538 in
1756 2514 1849 2537 aetate
1865 2507 1970 2536 codicis
1986 2503 2152 2533 definienda
2166 2501 2260 2538 gravi-

1644 2554 1689 2581 lta
1702 2562 1789 2580 vero:
1812 2548 1969 2586 „Codex,“
1991 2547 2096 2584 inquit,
2120 2544 2259 2581 „primus

1215 2644 1351 2678 membr.,
1380 2640 1431 2668 fol.
1454 2639 1648 2676 complectens
1670 2636 1721 2664 CX
1741 2635 1830 2670 folia,
1867 2642 1922 2661 nec
1944 2631 2071 2659 numeris
2097 2638 2151 2656 nec
2171 2627 2258 2663 siguis

1213 2685 1363 2719 distincta,
1393 2690 1518 2719 quorum
1538 2685 1642 2708 octona
1664 2678 1799 2705 videntur
1819 2674 2001 2712 manipulum
2022 2672 2148 2700 efficere.
2191 2669 2258 2696 Sin-

1213 2733 1282 2774 gula
1308 2726 1380 2756 folia
1408 2723 1554 2752 interdum
1579 2731 1597 2750 a
1619 2720 1785 2760 bibliopega
1811 2721 1976 2757 permutata
2001 2718 2078 2743 sunt.
2135 2709 2259 2748 Scripsit
