2482 3068
1157 190 1217 234 57

526 316 785 354 CLXXXVII.

505 376 591 409 [nep.
611 375 644 400 n.
672 375 717 400 τοι.
736 375 795 408 aa]

133 420 231 450 Codex
242 421 477 449 membranaceus
493 421 599 449 saeculi
624 424 653 447 ut
674 420 787 447 videtur
805 418 865 454 XL,
894 418 995 445 litteris
1017 417 1173 445 initialibus

172 463 294 500 simplici
309 468 370 491 arte
387 468 449 490 atio
466 463 561 490 colore
578 462 670 499 pictiS,
697 461 797 488 litteris
821 460 979 497 petspicuis
1001 465 1028 486 et
1044 459 1172 494 cursiiis,

172 505 314 542 sciiptura
330 505 358 532 in
376 505 446 532 duas
463 505 610 532 ‹olumnas
626 504 715 530 dixis-a
727 523 736 538 ,
766 503 848 529 lineis
864 502 928 528 stilo
945 501 1052 536 ductis,
1077 501 1171 528 iolior.

173 544 244 581 128,
275 556 399 583 quorum
415 551 509 573 tamen
528 547 649 583 primum
666 549 694 572 et
709 545 842 571 ultimum
864 544 958 571 aliena
979 543 1127 570 continent
1144 547 1172 570 et

172 595 190 614 a
205 587 368 625 bibliopega
383 588 485 615 adsuta
501 594 576 615 sunt.
621 586 808 615 Continetur:

213 637 397 665 MENOLocu
414 639 570 665 anmcffl
588 643 759 664 nchEsmn
782 642 1027 668 FRAGMENTUM,
1054 642 1169 661 mnxsm

128 678 326 707 DEcssmmls.
379 679 483 716 Incipit
507 689 523 706 a
549 679 608 706 vita
633 675 667 704 S.
694 674 847 704 Clementis
864 686 966 711 papae
988 674 1119 702 Romam*
1142 680 1170 702 et

129 719 193 748 finit
214 721 381 748 narratione
403 721 438 748 de
462 720 495 749 S.
517 717 695 757 81))νῐιῖοηε.
718 720 834 747 Initium
852 717 917 754 [sol.
933 718 961 746 ί),
979 727 1005 744 a.
1014 717 1023 753 ]
1041 717 1097 744 hoc
1113 722 1169 744 est:

128 760 219 799 ΙΙῙηνὶ
245 762 287 801 τῷ
312 759 393 801 utile&
420 762 475 799 [sc.
491 760 665 796 Νουειηόιί,
688 770 756 789 nam
770 770 872 788 novem
893 761 991 797 pliora
1015 759 1086 786 solit
1102 768 1170 786 con-

128 805 222 832 tinent
243 805 385 842 quaedam
409 815 443 832 ex
465 805 520 833 hoc
540 813 637 832 mense
641 803 665 840 ,]
703 803 751 831 23.-
794 798 961 840 μαρτύριον
997 800 1051 829 τοῦ
1083 796 1168 837 dytov

127 842 315 882 Κλήμεντος.
343 842 428 874 πάγια
455 842 560 884 ῥώμης
584 845 620 873 κέ
641 825 699 874 εἶὐ.
739 845 782 872 Ita
807 844 955 881 insciiptio
987 848 1049 870 atro
1082 844 1168 880 picta.

128 888 239 915 'leatus
255 889 371 926 incipit:
404 887 513 927 Τρίτος
536 887 590 924 τῆς
614 884 756 925 ρωμαίων
779 891 832 914 cet.
876 886 956 913 Finis
973 885 1035 922 quis
1051 886 1097 920 sit,
1114 885 1169 911 dil-

127 929 202 957 sicile
218 934 260 957 est
275 930 370 967 dictu,
401 941 489 967 quum
505 930 604 957 ultima
618 931 748 967 pagina
740 928 813 956 adeo
836 928 872 955 sit
893 928 920 954 in
936 927 1004 954 litui
1007 936 1022 954 a
1035 947 1043 962 ,
1070 931 1102 953 ut
1123 927 1168 953 vix

127 980 216 998 unum
232 976 283 998 aut
297 972 355 999 duo
371 973 457 999 verba
473 973 568 1007 legere
584 981 683 1009 queas.
701 988 738 993 -—
768 970 811 998 Ut
833 968 962 1007 Godofr.
985 966 1057 996 C.lm
1084 967 1168 996 (ἰοει-

125 1013 190 1040 zius
209 1013 239 1040 in
254 1022 352 1050 progr.
357 1033 365 1049 ,
395 1023 452 1050 quo
473 1011 672 1042 bibliothecam
686 1013 861 1041 senatoriam
883 1009 1079 1048 aperiundum
1091 1011 1168 1050 fore

125 1052 251 1090 ἰπᾶἰσῑί,
274 1064 340 1092 pag.
364 1055 415 1084 25.
439 1056 606 1091 adnotavit,
640 1055 687 1083 hic
707 1060 735 1083 et
759 1054 936 1092 praecedens
960 1054 1051 1081 codex
1070 1063 1095 1081 a.
1121 1052 1167 1081 Io.

125 1095 268 1132 Philippo
288 1095 436 1125 Kusmero
458 1102 486 1125 et
506 1097 552 1126 Io.
577 1097 701 1133 Geozgio
723 1096 843 1131 Sibero,
871 1096 1051 1123 senatoribus
1076 1105 1168 1132 quon-

126 1139 192 1168 dam
214 1139 430 1176 Lipsiensibus,
455 1139 647 1167 bibliothecae
670 1139 782 1166 muneri
804 1139 863 1166 dati
887 1142 962 1165 sunt.
1015 1137 1168 1164 Caeterum

125 1181 202 1208 idem
228 1179 364 1208 Goelzt'us
390 1180 410 1208 l.
435 1181 453 1210 l.
476 1190 542 1218 pag.
573 1180 623 1210 24.
648 1185 802 1217 utrumque
831 1179 958 1206 codicem
989 1182 1073 1214 putat
1106 1187 1167 1206 esse

125 1231 200 1250 saec.
222 1222 260 1258 X.
282 1222 328 1250 vel
342 1222 402 1258 1X.,
431 1222 509 1259 quod
528 1226 625 1249 tamen
650 1230 752 1248 vereor
773 1224 806 1247 ut
825 1224 903 1248 recte
924 1223 1042 1247 statuat.

503 1292 783 1330 CLXXXVIII.

517 1353 604 1385 [nep.
625 1352 645 1378 1.
665 1353 688 1378 4.
708 1351 772 1383 62]

123 1397 224 1426 Codex
245 1397 481 1426 membranaceus
502 1407 577 1426 saec.
598 1397 661 1426 XII.
683 1397 827 1435 scriptus,
855 1395 944 1433 longo
965 1403 1020 1423 usu
1043 1394 1167 1433 pessime

165 1439 299 1476 habitus,
327 1439 424 1469 folior.
440 1439 489 1470 88.
506 1440 699 1467 Continetur:

207 1489 439 1519 FRAGMENTUM
456 1499 496 1518 nx
505 1490 708 1518 Mnuonoous
718 1489 863 1517 GnAncls
879 1495 940 1515 rna
957 1495 1080 1515 menses
1098 1494 1166 1514 Διι-

124 1539 217 1566 quor.
245 1531 343 1559 Prima
357 1537 386 1560 et
401 1533 501 1560 ultima
516 1532 587 1560 solia
601 1532 687 1559 huius
703 1531 809 1559 codicis
825 1530 898 1558 adeo
915 1529 1073 1566 depravata
1088 1534 1165 1566 sunt,

122 1578 155 1601 ut
168 1574 257 1602 verba
270 1574 392 1601 initialia
406 1579 435 1602 et
449 1574 548 1602 finalia
563 1575 659 1611 legere
674 1583 733 1601 non
748 1573 903 1611 potuerim.

207 1615 363 1653 Impositae
378 1621 445 1643 sunt
460 1616 527 1644 huic
544 1617 643 1643 Codici
658 1616 770 1643 litterae
787 1624 803 1642 a
818 1613 870 1642 M.
893 1612 1047 1650 Herzog-2⁸0
1070 1614 1097 1642 d.
1113 1613 1164 1644 30.

123 1656 196 1694 Aug.
213 1656 303 1688 1709.
319 1659 442 1696 scriptae
458 1663 487 1686 et
501 1659 537 1686 ad
553 1657 605 1687 M.
629 1655 908 1696 Grosclzuffeuium,
931 1658 992 1684 eius
1014 1657 1081 1684 olim
1098 1666 1164 1693 pos-

124 1708 283 1735 sessorem,
313 1700 407 1728 datae.
452 1701 510 1733 Qui
526 1701 601 1728 hanc
616 1700 767 1738 epistolam
782 1699 895 1736 scripsit
916 1698 989 1725 adeo
1012 1698 1165 1735 diligenter

124 1740 155 1768 in
169 1740 226 1768 hoc
248 1741 346 1769 codice
371 1743 579 1779 perscrutando
604 1746 734 1770 versatus
756 1741 889 1776 videtur,
919 1744 951 1767 ut
974 1749 1032 1767 non
1058 1740 1163 1776 possim

125 1791 185 1810 non
208 1783 321 1819 integra
342 1784 404 1811 eius
427 1785 535 1819 verba,
565 1785 669 1821 quibus
689 1783 780 1810 codex
796 1783 868 1810 bene
889 1782 1079 1817 describitur,
1109 1781 1164 1808 buc

125 1825 340 1853 transscribere.
393 1825 579 1861 „Cod1ce1n,
615 1826 655 1853 ait
680 1824 855 1861 Herzogius,
894 1823 1016 1851 Msstum
1038 1823 1163 1858 iemitto,

123 1866 214 1892 serius
225 1885 233 1901 ,
264 1866 344 1903 quod
359 1875 419 1893 non
434 1876 488 1903 ne‹
482 1877 508 1893 ro
519 1887 528 1903 ,
558 1867 626 1904 quia
642 1867 723 1894 citius
739 1866 795 1893 alia
810 1865 879 1893 mliii
893 1865 1090 1892 remissionem
1105 1874 1162 1892 non

123 1906 213 1934 dedet
216 1912 276 1935 unt
319 1907 522 1935 Coniecturam
539 1909 574 1936 de
592 1910 645 1935 isto
661 1908 788 1943 confeci,
811 1916 872 1935 esse
887 1907 1002 1944 aliquod
1020 1906 1164 1943 fragmen-

122 1954 184 1975 tum
199 1958 234 1976 ex
248 1949 419 1986 Menologiis
435 1950 571 1978 ecclesiae
588 1951 729 1985 Graecae,
752 1950 897 1986 liturgiam
912 1949 1000 1986 ipsius
1015 1948 1162 1976 exhibens.

124 1990 221 2027 Caput
235 1990 326 2027 deest,
341 1992 390 2018 sed
407 2001 442 2019 ex
456 1992 697 2029 subsequentibus
709 1997 842 2029 apparet,
857 1991 935 2028 quod
951 1991 980 2017 in
996 1991 1094 2027 primis
1111 2000 1163 2017 un-

123 2032 216 2059 decim
230 2032 307 2059 foliis
322 2033 525 2061 contineantur
535 2034 678 2071 liturgiae,
695 2043 766 2070 quas
781 2033 859 2060 horis
871 2033 950 2059 statis
962 2032 1030 2060 dum
1041 2032 1162 2067 diurnis,

123 2074 192 2101 dum
204 2075 351 2102 nocturnis
366 2084 418 2112 per
430 2085 556 2103 inensem
565 2076 766 2113 Septembrem
776 2076 974 2110 observarunt,
989 2078 1018 2102 et
1027 2074 1101 2101 forte
1113 2073 1162 2101 ad-

123 2115 180 2143 huc
191 2117 344 2143 observant
359 2117 489 2145 Graecae
505 2118 641 2145 ecclesiae
657 2117 781 2145 addicti:
796 2116 967 2153 September
981 2116 1067 2164 enim,
1084 2115 1161 2152 quod

124 2158 228 2185 mensis
243 2158 353 2195 primus
368 2159 444 2186 inter
458 2159 614 2187 hodiernos
630 2160 757 2187 Graecos
773 2158 868 2187 adhuc
883 2158 929 2193 sit,
958 2157 1034 2185 hoc*
1028 2166 1088 2195 lpse
1104 2167 1162 2184 non

124 2199 279 2236 ignorabis.
323 2200 399 2227 Hinc
413 2200 464 2229 sol.
480 2200 509 2230 4.
524 2210 591 2239 pag.
606 2210 687 2229 versa
704 2201 850 2229 ἰωθιιίε5ε
880 2197 974 2236 στίχοι
991 2209 1009 2236 ⁷7
1032 2196 1065 2227 τὸ
1082 2196 1162 2236 γενέ-

125 2250 190 2269 σιον
214 2241 270 2278 τῆς
295 2236 458 2281 ὗπεοαγιάς
486 2240 652 2271 θεοτόκουι
682 2243 798 2271 ordines
820 2243 849 2269 in
871 2243 947 2269 litur
940 2242 987 2279 ria
1010 2241 1056 2269 die
1077 2241 1162 2268 huius

125 2284 229 2311 mensis
243 2288 362 2321 octavo,
392 2294 450 2322 quo
467 2286 598 2313 nativitas
614 2285 808 2312 sanctissimae
825 2284 969 2321 Deiparae
992 2283 1161 2311 celebratur.

126 2324 190 2352 Fol·
202 2325 232 2355 6.
247 2335 314 2363 pag.
329 2325 356 2355 1.
372 2325 466 2364 στίχοι
483 2323 552 2355 td.
537 2337 555 2364 η
568 2323 688 2363 ὕψωσις
703 2326 757 2355 τοῦ
773 2325 916 2361 ζιιιοποιοῦ
932 2324 1064 2363 σταυροῦ
1075 2340 1158 2346 ——

125 2366 178 2394 τοῦ
200 2367 337 2405 σωτῆρος
359 2373 412 2397 cet.
429 2371 447 2397 i.
464 2379 488 2398 e
505 2370 620 2397 ordines
635 2370 759 2406 liturgici
775 2369 821 2396 die
839 2368 886 2397 14.
907 2378 964 2404 quo
986 2368 1046 2395 elei
1049 2368 1106 2394 atio
1123 2368 1162 2394 xi-

128 2408 224 2437 vificae
238 2411 328 2437 crucis
344 2411 515 2439 celebratur.
531 2412 592 2439 l‹0l.
614 2411 644 2441 8.
659 2420 726 2448 pag.
742 2420 822 2438 versa
838 2410 855 2436 h
859 2411 926 2437 abes
950 2409 1065 2437 otdines
1081 2410 1162 2436 litur-

127 2451 203 2486 gicos
225 2451 256 2478 in
277 2452 354 2480 diem
375 2452 426 2482 24.
453 2454 535 2491 Sept.
560 2462 614 2490 τνς
643 2449 730 2490 ἁγίας
751 2447 1008 2491 πρωτομάοτυοος
1033 2448 1151 2479 Θεκ)
1105 2460 1151 2487 1,

127 2491 191 2519 Fol·
207 2491 235 2521 9.
250 2501 317 2531 pag.
334 2493 361 2523 1.
384 2495 413 2522 in
440 2496 515 2523 diem
535 2495 586 2526 26.
610 2496 738 2532 liturgias
749 2515 758 2531 ,
797 2495 900 2532 quibus
923 2494 1017 2521 celeb1
1019 2494 1122 2520 abatui
1144 2503 1162 2529 η

127 2542 308 2571 μεταστασις
326 2546 380 2565 του
408 2532 493 2575 ἁγίου
517 2534 687 2565 ἀποστόλου
714 2535 764 2564 καὶ
783 2552 820 2556 —-
851 2532 986 2564 hainou
1009 2534 1063 2563 τοῦ
1089 2532 1162 2563 Θεο-

127 2572 229 2613 70¹yov.
273 2578 336 2607 Fol.
353 2577 401 2608 11.
417 2580 524 2617 pagina
538 2589 620 2607 versa
635 2580 793 2617 inscriptio,
824 2588 910 2616 quam
927 2588 962 2605 ex
977 2578 1094 2615 reliquis
1110 2587 1162 2606 ceu

126 2619 230 2655 stipem
245 2619 364 2657 collegi,
393 2621 466 2649 haec
481 2626 540 2650 est:

206 2657 314 2697 Ημνι
337 2658 490 2701 ὂκτωβοος
519 2660 577 2700 ἔχει
599 2659 714 2703 ἡμέρας
737 2663 784 2690 λα.
814 2657 833 2700 ἦ
863 2657 960 2700 ἡμέρα
983 2657 1040 2698 ἔχει
1065 2656 1163 2700 ὦσας-

269 2713 318 2730 και
342 2715 359 2740 ‘ts
382 2701 436 2738 vv}
458 2702 540 2744 (ὁρας
562 2715 600 2744 ι’).

128 2743 258 2773 Eandem
274 2746 489 2785 insciiptionem
506 2757 576 2786 prae
592 2758 621 2777 se
641 2748 740 2778 serunt
760 2747 872 2785 sin‘ula
895 2747 1006 2785 capita,
1037 2755 1095 2783 qua
1114 2755 1166 2773 no-

1208 326 1274 344 men
1290 317 1412 352 mensis,
1443 325 1578 344 numerus
1595 315 1725 352 dierum,
1756 316 1881 353 denique
1903 325 2039 344 numerus
2060 317 2196 346 horarum
2218 320 2248 347 in

1208 369 1279 395 quas
1296 359 1356 386 dies
1372 363 1399 386 et
1416 368 1472 385 nux
1494 358 1675 395 dispescitur,
1705 358 1949 396 deprehendetur.
1996 358 2086 386 Stichi
2112 369 2177 387 vero
2203 371 2248 388 re-

1208 401 1305 428 serunt
1321 410 1471 427 numerum
1488 400 1637 427 cuiuslibet
1653 400 1720 436 diei,
1745 405 1773 428 et
1789 400 1904 437 quidem
1921 400 2021 428 litteris
2038 401 2164 428 Graecis.
2189 403 2247 430 De-

1188 442 1275 469 inde
1291 443 1455 469 nominatur
1470 446 1585 469 sauctus
1607 446 1657 469 aut
1671 446 1770 469 sancta
1793 447 1843 469 aut
1858 442 1914 468 alia
1929 442 2066 470 sestiiitas
2077 462 2085 478 ,
2117 443 2160 469 cui
2187 445 2247 471 dies

1208 484 1317 511 dicatus
1333 489 1384 511 est.
1429 484 1529 511 Tertio
1546 484 1689 511 iudicatur
1704 494 1740 511 an
1765 485 1928 520 vespertino
1945 489 2074 521 tempore
2097 493 2119 511 S.
2136 484 2246 520 Yigiliis

1207 526 1282 553 diem
1297 525 1397 553 sestam
1414 525 1653 562 praecedentibus
1669 527 1724 552 sint
1741 526 1884 562 quaedam
1899 534 1934 552 ex
1957 526 2078 561 liturgiis
2094 526 2247 553 observan-

1207 568 1270 595 dae.
1313 568 1425 600 Quarto
1442 567 1559 603 quinam
1576 564 1669 602 στίχοι
1685 577 1706 594 s.
1733 568 1847 594 ordines
1871 576 1906 595 ex
1931 567 2098 604 fragmentis
2120 568 2246 604 psalmo-

1206 619 1269 636 rum
1280 629 1289 644 ,
1319 614 1347 636 et
1363 612 1500 645 quotnam
1515 608 1571 634 sint
1588 609 1756 635 observandi
1773 609 1850 635 horis
1867 609 1985 637 diurnis.
2029 608 2247 637 Subnectuntur

1206 651 1265 686 his,
1296 651 1319 677 si
1334 650 1437 678 festum
1454 654 1495 677 est
1510 649 1676 685 soleamus,
1707 651 1848 686 quaedam
1873 648 2050 687 ὸοξοληγιίιι.
2088 651 2122 677 Ε.
2145 661 2170 687 g.
2193 651 2246 678 ha-

1207 693 1273 720 beas
1288 692 1393 720 sestum
1408 691 1639 727 circumcisionis,
1664 692 1742 728 quod
1757 692 1850 728 primo
1867 693 1891 719 J.
1886 702 1951 720 ‘zinu
1950 694 1995 720 nii
2011 693 2057 720 die
2073 693 2243 721 celebratur.

1436 747 1537 785 Στίχοι
1567 748 1594 776 7.
1624 745 1642 786 ἡ
1672 744 1857 786 ὄκταῆιιξρος
1885 759 2029 787 neonem]
2052 750 2105 778 τοῦ
2124 749 2243 788 Κυρίου

1432 787 1518 828 ἡμῶν
1538 789 1629 828 Ῑησοῦ
1644 789 1782 830 Χρίστοῦ
1802 801 1850 819 και
1867 791 1920 820 τοῦ
1942 790 1971 820 ἓν
1988 788 2083 830 ἁγίοις
2104 809 2139 814 —-
2156 789 2243 830 ἡμῶν

1433 831 1591 862 Βασι7ί.ου

1425 871 1555 914 Ἑσπίρα
1578 871 1612 903 οὗ
1633 874 1845 914 στιχολογεΐται
1864 880 1918 904 cet.

1433 924 1480 945 tur
1495 916 1589 954 στιχοι
1606 918 1712 945 diuini.

1429 955 1466 988 ‘O
1496 956 1601 999 θρόιω
1627 954 1808 1009 πυριιιόρᾳῳ
1831 957 1862 987 ἐν
1890 954 2031 996 ὑψίστοις
2060 955 2242 997 καθνμειος,

1432 1013 1487 1031 συν
1510 1001 1600 1039 πατρὶ
1622 1002 1665 1030 τῶ
1695 998 1817 1040 tirgu'pxc)
1841 1000 1889 1029 καὶ
1911 1001 1953 1030 τῶ
1982 1000 2056 1029 θείω
2079 1012 2133 1030 συν
2154 1000 2243 1031 mai-

1431 1055 1514 1082 ματι.
1554 1031 1732 1082 Εὐὸόκησας
1760 1044 1903 1081 τεχθῖιαι
1934 1043 1964 1072 ἐν
1989 1054 2076 1082 σαοκι
2099 1042 2129 1072 ἐκ
2151 1041 2243 1082 κόηης

1433 1083 1642 1138 dnezpdvcdpov
1667 1096 1722 1115 σου
1752 1085 1891 1122 Ζ11αριάς.
1922 1083 1971 1114 διὰ
2001 1086 2090 1114 τοῦτο
2117 1085 2165 1114 καὶ
2190 1097 2242 1115 πε-

1432 1127 1599 1168 ριετμηθης
1621 1124 1662 1163 ὦς
1679 1125 1774 1164 ἀμνὸς
1792 1137 1987 1178 onais-uem?
2010 1125 2098 1162 Δόξα
2117 1129 2153 1167 τῇ
2168 1139 2241 1157 παν-

1432 1169 1542 1212 apilio)
1573 1181 1628 1200 σου
1657 1170 1766 1209 βουλῇ.
1796 1166 1870 1204 δόξα
1897 1168 1975 1210 αὐτῇ
1998 1168 2154 1213 ἓπιφανέιιιι
2185 1181 2241 1201 σου

1433 1218 1487 1241 cet.

1204 751 1290 779 Nom.
1306 750 1399 779 sestiv.

1253 876 1385 913 Vigiliae.
1962 876 2048 904 Tunc
2063 877 2244 914 subsequun-

1217 959 1389 998 Doxologia.

1204 1269 1283 1296 Haec
1297 1273 1364 1296 sunt
1375 1290 1384 1306 ,
1415 1279 1490 1307 quae
1506 1271 1673 1308 exsculpere
1688 1267 1798 1308 Ροῒιικι
1815 1273 1868 1297 cet.
1887 1286 1924 1291 -—

1202 1310 1357 1339 Praeterea
1372 1313 1400 1339 in
1417 1313 1552 1340 exteriori
1573 1313 1637 1339 libri
1659 1312 1796 1350 operculo
1817 1320 1922 1339 nomen
1944 1311 2050 1349 legitur
2072 1315 2243 1350 possessoris

1203 1357 1234 1380 ut
1250 1353 1378 1381 videtur:
1408 1353 1484 1383 Iean
1505 1353 1541 1383 cle
1565 1353 1654 1383 le'tt.

1602 1426 1848 1465 CLXXXIX.

1565 1487 1649 1520 [nep.
1668 1487 1702 1511 11.
1722 1487 1747 1511 4.
1768 1485 1825 1510 144.
1837 1483 1880 1517 a.]

1201 1530 1300 1558 Codex
1323 1533 1559 1560 membranaceus
1581 1541 1655 1560 saec.
1679 1531 1759 1559 XIII.
1783 1530 1902 1568 picturis
1925 1533 1954 1557 et
1975 1530 2082 1558 auratis
2101 1531 2242 1569 pictisque

1241 1573 1342 1600 litteris
1367 1575 1473 1611 ubique
1495 1574 1684 1611 splendidus,
1707 1573 1803 1601 folior.
1834 1570 1904 1607 195,
1935 1581 2056 1608 quorum
2082 1571 2109 1601 1.
2126 1582 2151 1600 a.
2167 1574 2196 1602 2.
2214 1575 2240 1603 b.

1241 1614 1271 1644 3.
1281 1624 1306 1642 a.
1328 1614 1357 1644 4.
1367 1617 1393 1643 b.
1416 1617 1445 1645 5.
1456 1625 1482 1643 a.
1505 1616 1533 1646 6.
1545 1617 1571 1645 b.
1593 1616 1622 1645 ’7.
1633 1625 1659 1643 a.
1680 1615 1709 1645 ὃ.
1719 1616 1744 1642 1).
1767 1614 1833 1644 9.a.
1851 1612 1899 1642 10.
1910 1614 1935 1640 b.
1954 1613 2039 1642 11.a.
2064 1613 2151 1643 1212.
2170 1615 2239 1644 175.

1242 1655 1311 1686 194.
1325 1658 1351 1685 b.
1368 1663 1396 1685 et
1413 1657 1482 1688 195.
1498 1659 1641 1695 scriptura
1656 1661 1767 1685 vacant.
1818 1655 1892 1682 Foll.
1916 1654 1942 1684 1.
1966 1654 2085 1685 1)-12.
2096 1665 2123 1684 a.
2147 1658 2241 1694 pictu-

1241 1708 1290 1726 rae
1306 1700 1522 1736 conspiciuntur
1537 1700 1573 1727 de
1584 1700 1651 1727 Jesu
1663 1699 1768 1727 Christi
1777 1698 1845 1731 vita,
1860 1697 2005 1734 passione,
2021 1699 2241 1735 resurrectione,

1241 1741 1271 1767 in
1295 1741 1407 1768 coelum
1432 1742 1617 1777 ascensione,
1655 1741 1787 1777 aliaeque
1808 1739 1846 1766 ad
1867 1738 2016 1766 historiam
2037 1739 2112 1767 Novi
2138 1740 2241 1768 Testa-

1241 1784 1330 1810 menti
1345 1784 1533 1821 pertinentes.
1578 1783 1790 1810 Continentur:

1219 1822 1252 1861 (ι)
1286 1823 1351 1861 [sol.
1376 1823 1424 1854 13.
1446 1834 1463 1852 a
1481 1842 1516 1846 -
1538 1823 1586 1854 18.
1602 1823 1647 1860 b.]
1682 1824 1920 1851 CALENDARIUM
1944 1829 2133 1859 rnsronnm,
2164 1824 2239 1851 belle

1282 1867 1400 1904 pictum.
1444 1867 1533 1904 Incip.
1562 1865 1715 1902 [caeruleis
1738 1862 1856 1899 litteris]
1906 1862 1973 1891 Iam
1999 1865 2100 1899 prima
2127 1863 2192 1893 dies
2213 1872 2240 1893 et

1281 1910 1406 1943 septima
1420 1909 1489 1946 fine
1510 1909 1648 1936 minatur.
1692 1906 1806 1944 Explic.
1830 1904 1967 1933 Siluestri
1984 1907 2057 1941 pp—e.

1219 1948 1249 1988 b)
1284 1950 1351 1987 [sol.
1378 1950 1426 1981 19.
1449 1960 1467 1978 a
1482 1968 1518 1972 —-
1536 1949 1605 1980 194.
1621 1948 1664 1986 a.]
1695 1949 1904 1976 PsAL'rfflunM
1925 1956 2081 1977 namnum.
2116 1949 2161 1976 Ex
2175 1959 2238 1977 ver-

1282 1994 1363 2020 sione
1379 1993 1503 2030 vulgata.
1547 1992 1627 2020 Ordo
1644 1992 1819 2029 psalmorum
1840 1999 1898 2017 non
1923 1999 1987 2017 raro
2004 1991 2169 2018 immutatus
2185 1997 2238 2027 est,

1282 2036 1514 2062 intermiscentur
1533 2035 1618 2062 etiam
1640 2034 1754 2068 aliena,
1782 2041 1808 2060 v,
1830 2041 1853 2059 c.
1875 2030 2031 2060 Mosm‘cae
2045 2033 2111 2060 illae
2123 2043 2236 2069 preces,

1283 2086 1357 2114 quae
1373 2077 1509 2114 leguntur
1522 2077 1642 2104 Denter.
1664 2084 1728 2112 cap.
1743 2073 1794 2103 32.
1818 2072 1850 2109 [a
1865 2073 1916 2101 sol.
1935 2073 2004 2104 158.
2016 2075 2077 2101 b—
2089 2074 2158 2104 161.
2174 2074 2234 2112 b.];

1282 2118 1406 2155 hymnus
1436 2119 1641 2146 Ambrosianus
1678 2116 1723 2144 Te
1745 2114 1829 2143 deum
1851 2114 2006 2144 laudamus
2039 2115 2075 2152 [a
2094 2116 2144 2144 fol.
2167 2117 2236 2147 103.

1283 2170 1300 2188 a
1311 2178 1347 2182 —-
1358 2160 1427 2191 164.
1440 2161 1467 2188 b.
1478 2160 1487 2197 ]
1500 2172 1507 2196 ;
1531 2158 1689 2197 symbolum
1704 2157 1945 2187 Athanasianum
1970 2157 2003 2193 [a
2018 2157 2068 2185 sol.
2087 2155 2155 2187 164.
2172 2160 2189 2186 b
2199 2174 2236 2179 —-

1283 2201 1354 2232 166.
1367 2202 1405 2238 1).]
1422 2201 1519 2239 Kym’e
1535 2202 1650 2239 eleyson
1673 2201 1700 2238 [a
1715 2201 1765 2229 sol.
1785 2200 1853 2230 166.
1869 2201 1931 2227 1)-
1942 2199 2011 2229 171.
2023 2198 2060 2235 a.]
2078 2206 2107 2227 et
2122 2201 2186 2227 alia.
2198 2217 2236 2221 —

1282 2244 1435 2272 Caeterum
1452 2246 1538 2282 incip.
1554 2245 1610 2272 hoc
1624 2244 1792 2282 psalterium
1812 2241 1924 2270 Beatus
1945 2243 1990 2269 υῐν
2010 2242 2061 2279 qui
2083 2251 2141 2269 non
2164 2240 2239 2270 abiit

1284 2291 1337 2313 cet.
1381 2286 1494 2324 Explic.
1520 2287 1584 2324 piis
1615 2283 1880 2323 supplicationibus
1908 2290 2128 2322 cousequantur.
2180 2284 2240 2324 Qui

1281 2338 1367 2356 muzs.

1660 2394 1766 2431 CXC.

1592 2453 1678 2486 [Rep.
1696 2453 1718 2478 1.
1743 2454 1766 2480 4.
1787 2452 1848 2485 57.]

1199 2497 1298 2525 Codex
1314 2498 1549 2525 membranaceus
1564 2507 1638 2526 saec.
1655 2499 1690 2525 X.
1707 2497 1916 2534 elegantissime
1932 2496 2054 2533 scriptus
2069 2499 2098 2523 et
2113 2495 2148 2522 ob
2163 2495 2238 2522 nito-

1240 2549 1299 2567 rem
1317 2549 1380 2566 cum
1396 2541 1571 2577 scripturae,
1601 2545 1662 2569 tum
1677 2541 1853 2578 picturarum
1871 2538 2108 2576 pretiosissimus,
2138 2537 2237 2564 litteris

1240 2582 1395 2609 initialibus
1411 2591 1493 2617 aur0,
1519 2587 1638 2619 argento
1655 2587 1683 2609 et
1704 2582 1787 2608 variis
1803 2581 1946 2608 coloribus
1962 2579 2111 2614 dis-tinctis,
2138 2588 2237 2606 vocum

1241 2623 1418 2661 compendiis
1438 2623 1499 2651 sere
1518 2624 1620 2659 nullis,
1661 2623 1798 2651 foliorum
1820 2621 1894 2658 210,
1923 2630 2046 2658 quorum
2067 2620 2096 2650 6.
2113 2619 2143 2649 ’7.
2160 2630 2185 2647 a.
2210 2625 2237 2647 et

1241 2664 1313 2695 210.
1330 2674 1420 2692 vacua
1434 2670 1511 2692 sunt.
1564 2665 1708 2702 Opercula
1725 2665 1787 2692 libri
1800 2685 1808 2700 ,
1838 2664 1902 2701 plus
1918 2664 1967 2690 illa
1983 2662 2071 2699 digito
2088 2663 2237 2697 crassiora,

1243 2716 1259 2735 e
1275 2708 1350 2744 ligno
1367 2716 1489 2744 quercus
1512 2707 1581 2734 ilicis
1600 2707 1731 2734 consecra
1749 2711 1834 2741 sunt,
1865 2711 1892 2733 et
1916 2706 1943 2732 in
1960 2705 2048 2742 priori
2065 2704 2238 2740 conspicitur

1244 2750 1383 2778 emblema
1399 2749 1634 2787 pretiosissimum
1649 2754 1677 2777 et
1692 2748 1944 2786 elegantissimiun,
1962 2746 2106 2782 sculptum
2121 2754 2156 2773 ex
2171 2746 2239 2772 ebo-

1801 2789 1821 2819 S
