2482 3068
1224 165 1319 201 5210

207 282 369 318 festucam,
401 291 459 320 qua
489 280 525 309 ad
557 280 660 309 dentes
685 279 862 318 scalpendos
885 284 1035 315 uteretur,
1066 279 1180 308 furatus
1202 280 1251 315 sit,
1270 282 1272 306 Ι
1293 280 1373 308 urbis
1395 277 1542 313 Peulxfin,
1574 278 1734 307 duodecim
1756 279 1830 306 filios
1853 277 1942 308 habet
1955 280 1980 318 ‘)
1994 302 2003 315 ‚
2036 291 2165 321 quorum
2190 283 2342 312 maximus

207 325 270 363 jam
300 323 531 361 quadringentos
563 333 656 351 annos
695 323 797 351 vivum
827 323 857 349 in
891 322 1025 359 sepulcro
1063 320 1252 350 durissimam

208 368 412 406 quaestionem
445 367 506 403 pati
542 367 687 404 queritur.
748 362 854 404 ltaque
886 363 971 392 Jesus
1004 361 1106 391 Deum
1138 370 1251 398 exorat,

209 415 242 437 ut
266 409 316 436 ille
339 409 486 445 supplicio
519 408 662 435 liberetur
690 412 719 435 et
748 418 816 435 curn
850 404 1004 434 Mostcmts
1034 407 1253 435 resuscitandus

209 451 366 484 moriatur,
392 460 451 489 quo
475 450 554 478 sacto
579 460 595 477 a
616 449 688 479 Jesu
712 454 742 477 et
764 449 916 487 discipulis
944 449 1004 483 ejus
1028 448 1058 476 in
1083 450 1253 487 sepulcrum

209 492 392 520 reconditur.
439 490 546 519 Finem
569 493 639 520 facit
663 493 830 530 paraenesis
854 492 891 518 ad
915 492 1038 518 lectores
1064 501 1134 519 cum
1159 492 1252 519 solitis

210 535 356 573 precibus.
417 532 481 562 Fot.
517 537 555 562 50
590 545 614 563 r.
652 544 753 573 preces
784 535 927 562 metricae
958 530 1126 562 Derwischi
1157 531 1254 562 Jonae

212 602 321 643 (Ju‘nis)
348 603 383 632 ad
408 600 680 633 Mu‘hammedem.
725 603 756 641 3)
780 602 846 633 Fol.
861 607 901 633 50
923 615 951 633 v.
967 620 1009 624 —
1025 607 1064 634 67
1088 615 1117 634 v.
1138 604 1256 651 Ouid.)

210 684 370 728 &ju-uae>
403 668 561 714 ῴίςω,
613 675 824 708 Mu‘hammed
862 686 997 709 mortuus
1027 681 1143 718 lugenti
1168 676 1254 708 ‘Atio

212 758 264 786 per
286 757 426 775 somnum
449 747 544 774 filium
567 749 724 786 promittit,
748 758 840 787 quem
863 758 879 775 a
903 758 933 776 se
950 744 1158 775 Mu‘liammed
1175 744 1257 776 tHa-

212 789 271 818 nisi
300 789 448 817 nominari
472 790 565 825 jubet.
605 786 675 818 ‘Ati
698 791 793 819 laetus
817 791 1031 828 expergiscitur
1055 797 1082 818 et
1099 789 1256 818 Fatliimae

212 833 362 860 somnium
386 838 497 859 narrat.
543 830 772 861 Concumbunt:
803 834 854 860 ille
877 834 1008 870 gignitur
1031 839 1059 860 et
1081 834 1157 868 justo
1181 838 1257 860 tem-

213 885 284 913 pore
308 875 448 903 nascitur.
493 872 680 903 Describitur
703 876 763 911 ejus
789 875 939 909 educatio,
967 875 1148 912 pulcritudo,
1172 875 1257 902 sorti—

214 916 297 945 tudo.
340 914 418 944 Puer
442 915 585 944 decennis
610 918 692 945 omni
715 919 775 953 jam
792 917 927 945 doctrina
951 923 978 944 et
1002 917 1110 944 virtute
1135 922 1256 944 ornatus

214 969 230 987 a
253 963 336 996 patre
360 957 584 995 expeditionem
607 959 787 998 suscipiente
812 960 903 997 petit,
931 964 962 986 ut
986 969 1016 986 se
1042 961 1183 986 comitem
1208 969 1255 986 as-

213 1006 321 1033 sumat,
346 1000 398 1028 sed
422 1002 572 1038 repulsam
596 1001 660 1029 fert.
706 999 789 1029 Dum
814 1006 896 1039 pater
919 1002 1021 1037 abest,
1046 1002 1098 1028 ille
1122 1001 1175 1029 otii
1198 1001 1258 1028 im-

213 1044 329 1082 patiens
354 1052 429 1081 equo
453 1053 613 1071 conscenso
638 1045 716 1071 clam
740 1043 829 1071 domo
852 1044 979 1081 aufugit.
1025 1041 1057 1070 A
1076 1043 1204 1071 dorcade
1227 1044 1257 1070 in

214 1095 318 1124 agrum
328 1083 448 1118 Tabim,
464 1086 539 1123 regis
549 1083 701 1114 Moslemis
718 1086 828 1119 infesti,
847 1085 989 1113 deductus
1006 1086 1108 1113 multis
1123 1084 1258 1114 hostibus

215 1128 378 1156 interfectis
402 1133 491 1165 caput
521 1128 646 1164 alicujus
675 1129 816 1167 principis
845 1138 949 1156 eorum
982 1125 1139 1156 Medinam
1170 1129 1259 1156 refert

215 1175 244 1198 et
273 1169 392 1207 publice
423 1171 558 1207 exponit.
610 1168 698 1199 Pater
727 1170 850 1198 domum
878 1180 1028 1203 reversus,
1064 1181 1095 1198 re
1125 1177 1258 1208 accepta,

215 1213 311 1240 filium
343 1211 461 1245 laudat,
499 1218 632 1240 ceterum
662 1223 817 1251 praecoces
844 1213 962 1251 spiritus
1001 1223 1135 1241 coercere
1165 1214 1257 1248 jubet.

216 1253 277 1283 Sed
300 1260 401 1282 tamen
420 1250 507 1282 ‘Alio
538 1255 647 1283 iterum
676 1256 708 1283 in
738 1256 853 1283 bellum
885 1255 1017 1293 profecto
1048 1251 1259 1283 Mu‘hammed

215 1297 300 1325 illam
323 1298 476 1334 regionem
498 1298 606 1335 repetit
628 1302 657 1325 et
682 1298 718 1325 ab
743 1299 877 1325 exercitu
899 1296 1001 1325 hostili
1023 1303 1088 1336 post
1118 1308 1259 1336 maguam

216 1345 345 1376 stragem
366 1340 445 1366 inter
475 1349 543 1366 eum
573 1339 685 1368 editam
712 1342 838 1378 capitur.
891 1338 1028 1368 Primum
1059 1338 1161 1368 Tabfit
1191 1350 1260 1368 eum

216 1380 397 1419 suspendere
420 1382 500 1415 vult,
532 1381 649 1410 deinde·
675 1383 807 1410 consiliis
830 1392 952 1410 suorum
976 1383 1183 1420 obtemperans
1214 1392 1261 1410 so-

217 1424 297 1452 cium
321 1424 471 1461 religionis
495 1428 523 1451 et
541 1434 679 1452 socerum
710 1424 808 1452 facere
838 1425 1003 1452 constituit.
1056 1425 1161 1462 Itaque
1192 1425 1261 1451 vul-

217 1466 337 1493 neribus
354 1475 370 1493 a
388 1465 503 1493 medico
521 1467 628 1494 curatis
638 1462 851 1494 Nlu‘hammed
869 1464 1014 1494 aTabuto
1032 1466 1068 1494 ad
1086 1467 1261 1494 convivium

219 1507 379 1536 adhibetur
401 1513 447 1543 et,
479 1518 574 1547 quum
597 1509 704 1535 vinum
727 1509 763 1535 ab
795 1518 830 1535 eo
861 1509 916 1535 sibi
947 1514 1115 1545 porrectum
1144 1513 1263 1545 propter

217 1551 393 1587 religionem
425 1550 524 1577 bibere
551 1550 712 1585 noluisset,
748 1549 785 1577 ad
813 1559 895 1577 sacra
925 1550 1069 1577 mutanda
1099 1550 1260 1585 invitatur3

219 1592 376 1620 adducitur
399 1593 490 1620 etiam
514 1590 751 1621 Mine-Chatsm
766 1614 773 1628 ,
807 1592 985 1630 pulcerrima
1010 1593 1086 1630 regis
1109 1592 1187 1625 filia,
1213 1591 1262 1619 in-

219 1634 368 1662 fidelitatis
392 1644 456 1662 esca
480 1639 509 1662 et
532 1645 654 1662 merces.
698 1631 755 1662 Itte
780 1644 849 1662 vero
873 1644 907 1662 eo
933 1635 1115 1662 constantius
1139 1639 1263 1668 recusat,

219 1676 302 1716 quod
325 1678 356 1703 in
380 1676 478 1704 fronte
500 1677 590 1715 ipsius
614 1677 736 1714 virginis
752 1677 853 1705 lucem
876 1687 964 1705 verae
983 1677 1135 1715 religionis
1161 1677 1262 1714 splen-

221 1719 290 1747 dere
311 1718 402 1747 videt.
447 1717 486 1747 Ut
510 1720 704 1757 pertinaciam
729 1725 779 1747 aut
803 1719 956 1757 deponat.
987 1725 1038 1747 aut
1068 1725 1163 1746 morte
1187 1719 1262 1755 luat,

220 1762 252 1788 in
276 1761 460 1800 profundum
484 1767 607 1799 puteum
625 1760 802 1789 demittitur.
848 1760 908 1790 Sed
924 1759 1164 1790 Mine-Chatfin
1189 1761 1263 1788 ado-

220 1804 436 1837 lescentulum,
460 1805 542 1838 cujus
565 1803 656 1831 modo
672 1805 821 1841 conspecti
842 1814 943 1832 amore
968 1809 1052 1842 capta
1076 1809 1147 1836 erat,
1172 1808 1263 1831 noctu

221 1846 326 1874 liberat
360 1852 388 1874 et
417 1845 505 1873 fidem
537 1846 739 1874 moslemicam
779 1847 908 1884 professa
940 1856 1009 1874 cum
1041 1856 1075 1874 eo
1106 1844 1263 1874 Medinam

222 1889 306 1926 petit.
352 1886 397 1916 At
419 1898 472 1916 rex
494 1888 643 1926 fugientes
661 1889 834 1927 assequitur.
881 1887 997 1917 Primus
1019 1889 1148 1927 impetus
1172 1898 1262 1926 paga-

222 1940 330 1958 norum
353 1931 535 1968 reprimitur.
587 1929 666 1958 Irato
696 1931 757 1968 regi
788 1928 930 1965 Rustem,
962 1941 1040 1959 unus
1070 1941 1108 1958 ex
1139 1930 1263 1958 ducibus

222 1974 363 2011 paganis,
393 1974 417 2000 si
447 1974 539 2000 filiam
566 1973 622 2001 sibi
656 1972 864 2010 desponderit,
896 1970 1155 2001 Mu‘hammedem
1187 1983 1202 2000 a
1233 1983 1263 2001 se

223 2016 337 2043 victum
360 2016 397 2042 iri
419 2015 575 2053 promittit.
617 2013 674 2043 Ille
699 2016 827 2050 annuit,
852 2013 978 2044 Rustem
1002 2012 1263 2043 Mu‘hammedem

224 2056 261 2084 ad
284 2062 434 2085 certamen
457 2058 608 2095 singulare
631 2063 789 2095 provocat,
813 2058 867 2086 sed
887 2069 940 2096 pro
965 2068 1000 2086 eo
1025 2056 1262 2086 Mine-clutton

222 2099 322 2138 prodit
339 2101 539 2139 miserumque
553 2110 696 2138 sponsum
719 2100 867 2128 interficit.
912 2099 1030 2129 Praelio
1048 2101 1172 2138 repetito
1195 2106 1264 2128 tan-

224 2141 292 2169 dem
316 2143 414 2180 puella
438 2144 562 2181 capitur,
586 2147 615 2170 et
638 2143 731 2176 cottis,
753 2143 783 2169 in
806 2153 866 2182 quo
887 2139 1096 2171 Mu‘hammed
1120 2141 1262 2176 constitit,

224 2184 474 2220 circumvenitur,
510 2184 562 2213 sed
584 2185 690 2213 frustra
713 2191 913 2223 oppugnatur.
967 2184 1127 2224 Postquam
1160 2195 1263 2223 vesper

223 2233 389 2264 pugnantes
415 2226 542 2259 diremit,
565 2227 688 2255 vulnera
712 2223 948 2256 Mu‘hammedis
974 2229 1010 2255 ab
1028 2228 1143 2255 ancillis
1161 2225 1261 2255 Mine-

225 2266 382 2297 Chaitiinae
406 2275 556 2298 curantur.
599 2267 705 2298 Paullo
729 2275 794 2307 post
812 2266 880 2298 ‘Ati
904 2280 920 2297 a
943 2266 1169 2298 Mu‘hammede
1192 2280 1262 2306 pro-

224 2309 313 2349 pheta
339 2322 390 2349 per
411 2322 550 2339 somnum
575 2311 611 2340 de
635 2312 767 2350 periculo
791 2312 844 2339 filii
875 2313 1007 2340 monitus
1032 2312 1069 2339 ad
1092 2322 1161 2339 eum
1185 2313 1262 2339 libe-

224 2353 352 2381 randum
374 2353 514 2389 advenit,
539 2364 555 2382 a
579 2364 638 2394 quo
661 2352 760 2382 Tabfit
783 2365 887 2393 pacem
911 2366 962 2392 per
985 2356 1117 2392 legatum
1139 2355 1261 2393 petitam

224 2393 270 2423 his
300 2394 527 2425 conditionibus'
551 2397 709 2435 impetrat,
748 2402 780 2424 ut
817 2398 961 2424 tributum
1001 2396 1131 2435 pendat,
1168 2397 1259 2424 filiani

222 2433 445 2466 Mu‘hammedi
468 2440 498 2466 in
523 2440 751 2467 matrimonium
776 2438 840 2473 det,
864 2449 897 2466 ac
920 2449 989 2467 cum
1013 2441 1071 2467 suis
1096 2436 1260 2467 Mostemus

221 2479 280 2507 fiat.
325 2478 466 2518 Epilogus
490 2482 662 2519 exemplum
685 2481 836 2519 religionis
861 2482 896 2508 ab
915 2482 1132 2520 antiquioribus
1149 2479 1259 2509 Mosle·

221 2522 277 2550 mis
298 2532 413 2550 summa
436 2523 612 2551 fortitudine
633 2525 664 2552 iu
695 2525 801 2552 multas
830 2529 921 2552 terras
951 2530 1129 2562 propagatae
1160 2529 1259 2561 poste-

221 2564 348 2592 rioribus
368 2565 549 2593 imitandum
573 2566 722 2605 proponit.
768 2564 833 2594 Fol.
860 2568 898 2595 68
921 2576 945 2594 r.
963 2582 1002 2587 —
1021 2569 1060 2595 70
1083 2576 1106 2594 r.
1131 2571 1259 2606 quatuor

218 2634 346 2675 ildlzijjdt
373 2648 396 2666 s.
428 2639 553 2667 cantica.
604 2638 637 2676 4)
660 2636 726 2666 Εοι.
752 2640 792 2667 70
815 2641 952 2667 v.—ss
970 2650 999 2668 v.
1028 2625 1122 2688 gij-‚s
1152 2638 1259 2677 otas

216 2714 324 2763 (ΞΔ-ε.
368 2714 627 2756 Abfi‘t-‘aschara‚
651 2718 723 2746 alias
738 2718 916 2756 simpliciter
935 2715 1096 2755 ‘Aschara‚
1121 2720 1258 2758 princeps

1270 313 1273 336 t

1271 320 1449 368 ¹quondam
1474 322 1505 349 in
1532 327 1644 349 venatu
1668 331 1737 349 cum
1755 317 1843 349 ‘Atio
1874 324 2023 351 concurrit
2053 324 2088 351 ab
2119 335 2215 364 eoque
2247 326 2344 354 inter-

1294 365 1402 393 ficitur.
1449 361 1565 392 Decem
1588 364 1758 402 superstites
1786 374 1802 390 a
1827 369 1908 401 patre
1932 363 1967 391 ad
1992 365 2110 394 fratrem
2137 367 2343 396 ulciscendum

1297 407 1376 435 missi
1395 402 1518 434 ‘Alium
1542 407 1572 433 iu
1597 405 1721 444 planitie
1747 406 1919 434 inveniunt.
1965 403 2105 444 Rogatus,
2129 411 2193 448 quis
2215 411 2262 444 sit,
2286 420 2345 439 uo-

1298 460 1367 477 men
1392 449 1488 481 celat,
1512 459 1544 476 se
1567 447 1779 477 Medinensem
1802 448 1892 476 inodo
1915 454 1943 476 et
1973 449 2087 477 socium
2110 448 2343 481 Mu‘hammedis

1298 502 1359 520 esse
1384 492 1556 529 profitetur,
1588 490 1623 519 de
1650 487 1740 518 ‘Alio
1775 496 1875 519 autem
1899 491 2060 519 sciscitatus
2083 501 2130 528 se,
2163 495 2275 533 quippe
2298 495 2344 523 illi

1298 535 1497 570 simillimum,
1522 534 1633 561 intueri
1655 533 1745 569 jubet,
1768 539 1901 561 ceterum
1925 534 2044 561 facilem
2068 544 2104 561 ex
2129 545 2162 563 eo
2186 537 2344 565 victoriam

1300 578 1363 605 sore
1387 582 1487 614 negat.
1534 574 1698 615 Postquam
1730 576 1785 613 ipsi
1808 576 1860 614 qui
1883 576 1943 604 sint
1968 574 2101 614 quidque
2124 577 2218 606 velint
2239 579 2344 607 edide-

1300 625 1386 652 runt,
1410 620 1445 645 ab
1470 619 1522 646 illo
1546 618 1666 646 invitati
1689 627 1727 645 ex
1750 619 1833 655 equis
1857 617 2045 645 descendunt
2069 624 2098 645 et
2126 619 2183 646 cibi
2207 620 2344 660 capiendi

1300 671 1387 689 causa
1420 660 1503 688 humi
1533 660 1703 688 considunt.
1765 657 1870 696 Quum
1902 665 2004 688 autem
2034 661 2065 687 iu
2090 655 2231 696 ζΑἰίωῐι,
2261 663 2345 702 quasi

1301 705 1472 738 absentem,
1497 704 1592 730 minas
1612 703 1720 739 jactare
1743 708 1876 740 pergant,
1900 703 1951 730 ille
1969 703 2004 730 iis
2019 704 2170 742 proponit,
2195 709 2228 731 ut
2242 714 2345 734 secum

1302 747 1447 774 luctantes
1480 746 1587 779 robur,
1624 743 1704 783 quod
1734 749 1817 772 tanto
1848 743 2015 772 adversario
2050 755 2102 782 par
2137 755 2199 773 esse
2231 752 2344 784 putent,

1302 789 1505 825 experiantur,
1547 786 1713 825 Accipiunt
1735 792 1897 821 certamen,
1921 786 1972 814 sed
1990 782 2058 814 ‘Ati
2081 797 2143 815 non
2166 787 2256 816 modo
2283 789 2346 817 siu-

1301 831 1385 867 gulos
1411 831 1474 857 sola
1498 840 1589 858 manu
1621 831 1705 857 laeva
1729 830 1839 864 vineit,
1871 828 1923 857 sed
1954 830 2045 857 etiam
2076 830 2227 858 universos
2255 830 2287 858 in
2316 841 2347 859 se

1302 873 1446 900 irruentes
1463 873 1578 905 sternit,
1605 882 1665 911 quo
1690 872 1827 909 exemplo
1852 867 2114 899 monitos‘Alium
2133 882 2237 900 cavere
2253 873 2348 908 jubet.

1301 913 1430 942 Probato
1468 915 1593 942 consilio
1631 914 1832 942 adolescentes
1872 913 1994 941 heroem
2024 924 2126 941 secum
2161 914 2198 942 ad
2231 920 2348 953 patrem

1303 956 1434 990 ducunt,
1457 957 1508 984 ubi
1532 956 1606 983 dum
1629 956 1787 993 splendido
1812 955 1942 994 hospitio
1966 956 2096 991 fruitur,
2127 962 2219 984 noctu
2242 956 2348 986 domus

1304 1009 1319 1026 a
1344 1008 1453 1036 magna
1482 999 1569 1026 turba
1596 1000 1727 1026 milit-nn
1758 998 2012 1026 circumfunditur
2046 1004 2136 1037 atque
2167 999 2346 1037 effringitur.

1297 1037 1385 1068 ‘Atio
1413 1050 1534 1068 causam
1557 1042 1702 1068 tumultus
1727 1041 1883 1080 quaerenti
1907 1041 1958 1068 lilii
1984 1041 2124 1078 principis
2155 1041 2348 1079 respondent,

1299 1079 1448 1117 tlsritum,
1473 1093 1574 1121 regem
1597 1082 1794 1110 christianum
1816 1083 2115 1117 truculentissimum,
2140 1084 2192 1121 qui
2215 1083 2349 1122 undique

1304 1126 1442 1153 mulieres
1465 1126 1538 1153 alias
1561 1131 1627 1163 post
1650 1126 1722 1153 alias
1746 1130 1851 1163 cogat,
1877 1136 1957 1153 nunc
1979 1124 2089 1159 adesse,
2115 1130 2147 1153 ut
2168 1127 2237 1163 ipsis
2258 1126 2348 1175 puel-

1303 1169 1374 1201 lam,
1398 1177 1490 1206 quam
1515 1168 1541 1195 ei
1568 1167 1695 1195 vendere
1713 1168 1876 1203 noluerint,
1900 1169 1929 1196 vi
1953 1168 2069 1206 eripiat.
2115 1166 2196 1195 Tum
2213 1167 2249 1195 ab
2275 1167 2349 1196 Atio

1303 1211 1372 1246 jussi
1396 1209 1580 1237 deditionem
1603 1211 1749 1238 simulant
1772 1217 1801 1238 et
1821 1221 1921 1247 regem
1938 1208 2065 1247 hospitio
2083 1210 2251 1248 excipiunt,
2275 1209 2350 1238 dum

1305 1252 1404 1280 dotem
1436 1258 1465 1280 et
1492 1253 1612 1290 nuptias
1643 1258 1805 1290 apparent,
1834 1249 1902 1280 ‘Ali
1932 1259 2033 1280 autem
2063 1253 2192 1281 vestibus
2225 1258 2253 1281 et
2279 1253 2349 1281 velo

1305 1296 1422 1333 puellae
1445 1296 1550 1322 sumtis
1572 1305 1603 1322 se
1619 1305 1671 1332 pro
1686 1296 1737 1322 illa
1754 1296 1908 1332 supponit.
1949 1293 2031 1323 Inter
2048 1296 2273 1333 apparationem
2288 1304 2350 1322 nu-

1306 1339 1432 1375 ptiarum
1455 1336 1577 1364 advenit
1600 1333 1709 1371 ‘Amr‚
1749 1336 1839 1365 homo
1867 1337 2059 1372 vaferrimus,
2092 1347 2108 1364 a
2138 1335 2281 1365 Fathima
2311 1336 2350 1365 ad

1300 1376 1422 1406 ‘Alium
1447 1377 1654 1417 quaerendum
1679 1380 1800 1413 missus,
1836 1380 1887 1417 qui
1912 1390 1971 1418 quo
1995 1379 2180 1407 commodius
2205 1385 2234 1407 et
2256 1379 2349 1408 tutius

1305 1421 1408 1449 omnia
1428 1422 1610 1458 speculetur,
1633 1431 1664 1449 se
1688 1421 1724 1448 ad
1748 1423 1880 1458 speciem
1902 1421 2061 1450 sacerdotis
2085 1421 2241 1450 christiani
2265 1431 2350 1450 com-

1306 1463 1408 1500 ponit,
1443 1472 1499 1500 qua
1520 1468 1614 1490 tectus
1639 1473 1699 1490 non
1723 1464 1820 1491 solum
1851 1473 1866 1490 a
1898 1464 2036 1500 collegis,
2062 1459 2152 1491 ‘Itrtti
2182 1464 2350 1500 comitibus,

1307 1504 1470 1531 honorifice
1493 1505 1657 1541 excipitur,
1691 1505 1743 1532 sed
1767 1516 1814 1532 eos
1838 1506 1927 1533 etiam
1952 1505 2154 1543 disputatione
2178 1504 2350 1544 theologica

1306 1555 1405 1574 coram
1430 1555 1499 1582 rege
1520 1546 1656 1573 instituta
1679 1551 1741 1573 tam
1763 1546 1919 1583 splendide
1943 1548 2056 1580 vincit,
2080 1552 2114 1575 ut
2136 1548 2188 1575 ille
2212 1547 2350 1576 doctissi-

1306 1598 1389 1615 mum
1412 1587 1513 1615 virum
1536 1587 1632 1615 solum
1657 1588 1827 1625 pactionem
1852 1589 2020 1626 nuptialem
2049 1588 2146 1616 facere
2158 1587 2205 1624 u)
2235 1589 2350 1627 jubeat.

1312 1627 1435 1668 Vesperi
1466 1639 1575 1667 pompa
1602 1629 1638 1657 ad
1669 1629 1755 1658 aedes
1787 1640 1913 1667 sponsae
1942 1629 2070 1658 ducitur.
2121 1628 2168 1658 Ibi
2191 1626 2286 1659 ‘Amr
2312 1630 2351 1660 ad

1301 1668 1425 1700 ‘Alium
1446 1672 1631 1700 intromissus
1656 1671 1779 1700 heroem
1803 1673 1936 1710 agnoscit
1953 1678 1980 1700 et
1996 1678 2092 1700 cetera
2115 1683 2183 1700 cum
2207 1683 2241 1701 eo
2265 1683 2351 1702 com-

1308 1715 1402 1752 ponit.
1449 1712 1590 1743 Comicae
1612 1724 1736 1752 sponsae
1759 1720 1873 1753 septem
1896 1714 2036 1753 deinceps
2066 1715 2134 1754 equi
2167 1716 2241 1753 regii
2272 1725 2348 1744 con-

1306 1756 1471 1785 scendendi
1493 1756 1703 1791 adducuntur,
1733 1758 1785 1786 sed
1814 1768 1917 1785 eorum
1942 1758 2078 1785 omnium
2102 1758 2196 1786 latera
2219 1758 2349 1797 frangit3

1308 1805 1428 1827 octavus
1454 1798 1575 1826 demum
1601 1800 1819 1828 robustissimus
1843 1801 1931 1828 tantis
1956 1800 2064 1828 lumbis
2088 1801 2280 1840 cruribusque
2296 1810 2350 1839 par

1307 1848 1359 1870 est.
1399 1838 1491 1869 ‘Amr
1514 1851 1552 1869 ex
1574 1841 1714 1880 theologo
1740 1844 1770 1870 in
1795 1841 2034 1881 paranympham
2058 1848 2188 1870 mutatus
2210 1851 2350 1880 sponsam

1308 1884 1345 1912 ad
1368 1885 1473 1912 urbem
1496 1885 1572 1922 regis
1594 1886 1764 1919 comitatur,
1788 1887 1818 1912 in
1843 1895 1934 1925 quam
1959 1894 2053 1924 quum
2075 1884 2270 1920 invehuntur,
2292 1894 2349 1913 rex

1308 1926 1433 1966 antiquo
1466 1926 1523 1954 ritu
1553 1937 1693 1964 sponsam
1728 1928 1757 1954 in
1791 1933 1967 1966 potestatem
2000 1936 2085 1955 suam
2115 1926 2253 1955 adserens
2279 1937 2350 1955 scu-

1307 1970 1365 1996 tica
1388 1969 1474 2004 ferit,
1503 1968 1555 1996 sed
1580 1970 1641 2007 ipse
1663 1969 1774 1997 scutica
1794 1981 1920 2009 sponsae
1946 1976 2003 1997 tam
2028 1968 2127 1996 valide
2159 1970 2348 2006 resalutatur,

1308 2016 1341 2039 ut
1365 2021 1403 2039 ex
1426 2021 1503 2050 equo
1529 2010 1663 2041 decidat:
1687 2011 1722 2039 de
1746 2022 1806 2051 quo
1830 2013 1941 2040 roboris
1964 2012 2135 2050 specimine,
2159 2012 2270 2050 quippe
2284 2011 2348 2040 for-

1307 2055 1437 2082 tissimae
1454 2054 1545 2092 prolis
1560 2050 1695 2092 pignore,
1712 2055 1774 2092 ipse
1792 2065 1859 2083 cum
1877 2055 1979 2082 ceteris
1995 2054 2050 2082 sibi
2065 2055 2238 2091 gratulatur.
2261 2051 2350 2082 Post-

1306 2106 1397 2135 quam
1420 2096 1558 2124 mulieres
1581 2097 1612 2123 in
1637 2097 1702 2124 velo
1722 2107 1847 2134 sponsae
1872 2096 2014 2135 rapiendo
2031 2096 2137 2124 frustra
2155 2095 2348 2130 desudarunt,

1284 2163 1286 2172 ‚
1306 2149 1360 2166 rex
1382 2139 1445 2176 ipse
1468 2139 1502 2166 iis
1525 2139 1556 2165 in
1578 2137 1747 2166 thalamum
1769 2139 1918 2175 succedit,
1951 2139 2001 2166 ubi
2030 2139 2064 2165 ab
2083 2133 2169 2165 ‘Atio
2192 2143 2221 2166 et
2238 2133 2349 2166 ‘Amro

1283 2181 1359 2221 ,diu
1390 2181 1510 2209 delusus
1543 2186 1571 2209 et
1601 2182 1680 2208 male
1711 2182 1858 2210 mulcatus
1889 2180 2012 2209 tandem
2043 2179 2197 2210 occiditur.
2255 2177 2348 2208 Mane

1282 2223 1284 2255 J
1308 2224 1454 2261 principes
1477 2224 1551 2250 alius
1575 2229 1639 2261 post
1663 2223 1755 2251 alium
1779 2225 1962 2252 sciscitatum
1984 2223 2127 2256 veniunt,
2151 2221 2222 2260 quid
2245 2220 2349 2259 regen-1

1281 2256 1284 2313 f
1306 2272 1368 2294 tam
1392 2266 1445 2293 diu
1466 2266 1498 2292 in
1523 2267 1660 2293 cubiculo
1684 2265 1833 2294 detineat:
1858 2277 1932 2306 quos
1953 2262 2022 2294 tAli
2043 2265 2176 2302 singulos
2200 2265 2294 2293 vincit
2317 2269 2347 2293 et

1281 2319 1283 2337 t
1305 2309 1436 2347 colligat.
1482 2305 1546 2345 Qui
1567 2318 1605 2336 ex
1626 2309 1661 2336 iis
1684 2306 1823 2337 Moslemi
1846 2310 1937 2343 fiunt,
1970 2308 2150 2343 liberantur,
2183 2307 2275 2335 ceteri
2296 2307 2347 2334 in-

1372 2450 1390 2479 ')
1410 2449 1575 2475 Narratorcm
1590 2451 1630 2475 hic
1646 2451 1798 2475 dormitasse
1817 2454 1932 2483 apparet}
1962 2449 2024 2475 Nam
2038 2456 2126 2473 nomen
2141 2446 2348 2473 Abii'l-‘aschara

1304 2485 1408 2516 primum
1429 2485 1515 2509 decem
1536 2486 1602 2510 lilios
1624 2486 1704 2510 ruisse
1728 2486 1870 2516 siguificnt3
1900 2489 1976 2517 atque
1996 2484 2098 2508 etiamsi
2116 2483 2149 2507 ad
2174 2483 2263 2507 decem
2287 2483 2346 2507 illos

1304 2520 1449 2549 referatur,
1484 2520 1525 2551 qui
1554 2524 1612 2552 post
1644 2528 1731 2544 necem
1767 2521 1854 2544 tran-is
1888 2520 1979 2552 ubique
2012 2521 2151 2551 apparent,
2183 2521 2268 2542 tamen
2294 2524 2346 2542 uno

1303 2562 1317 2578 a
1337 2554 1469 2578 duodecim
1489 2554 1571 2578 demto
1592 2554 1708 2579 undecim
1728 2555 1807 2579 fuisse
1827 2561 1934 2579 necesse
1954 2557 2010 2584 est,
2031 2561 2079 2577 nou
2100 2552 2198 2576 decem.

1371 2629 1398 2662 ‘')
1418 2635 1514 2656 Q
1540 2622 1629 2666 ‘9225
1656 2638 1678 2655 s.
1704 2609 1876 2670 &Li-2923&
1909 2622 2014 2666 “Agla‘'
2045 2632 2073 2653 ut
2092 2628 2165 2654 hebr.
2183 2627 2264 2666 ”³7³2
2278 2626 2345 2664 ¹77³*

1303 2701 1327 2721 ct
1348 2697 1440 2721 similia
1459 2698 1482 2722 in
1503 2698 1597 2729 linguis
1617 2702 1643 2722 et
1665 2699 1868 2722 occidentalibus
1892 2701 1917 2721 ct
1936 2697 2115 2728 orientalibus,
2138 2703 2202 2729 quae
2217 2694 2344 2720 Gesenius

1302 2732 1408 2763 collegit
1427 2733 1451 2756 in
1472 2733 1605 2757 Thesauro
1625 2733 1656 2757 ad
1675 2733 1743 2757 ittam
1764 2733 1918 2757 locutionem
1940 2731 2096 2756 hebraicam.

1905 2784 1914 2796 Q
