2482 3068
97 376 169 407 210.

94 498 168 530 211.

93 582 165 613 212.

86 1244 158 1275 219.

85 1327 158 1358 220.

84 1410 125 1440 22
130 1409 156 1439 1.

83 1493 156 1523 222.

83 1576 155 1607 223.

82 1656 154 1689 224.

82 1740 154 1771 225.

81 1782 145 1813 226
150 1806 157 1812 .

81 1824 157 1854 227.

80 1864 154 1896 228.

80 1906 154 1938 229.

80 2072 154 2104 231.

79 2154 151 2186 232.

81 2320 156 2352 234.

79 2403 153 2435 235.

78 2485 153 2518 236.

77 2528 153 2559 237.

77 2610 151 2642 238.

77 2651 149 2684 239.

1102 167 1197 210 213

196 303 292 323 corum
314 294 501 330 impressione
524 294 551 321 in
572 294 717 322 Prussiam
738 299 766 322 et
786 294 943 322 Marchiam
966 298 1018 320 etc.
1043 291 1132 321 1433.
1148 291 1150 332 ζ
1169 291 1243 320 240.
1270 291 1332 318 Von
1350 292 1401 319 der
1419 293 1682 330 Holczlffackerey,
1699 293 1788 325 1426-
1818 295 1862 323 Ex
1877 296 2054 333 al‘0r‘3fal’h0·

195 346 228 363 ex
245 335 331 362 veteri
346 335 470 362 Scin-da.

194 377 366 403 I’rotestatio
391 382 418 403 et
443 377 599 413 appellatio
631 378 822 414 procuratoris
851 376 968 404 Ordinis
994 375 1132 403 aduersus

192 419 362 445 sententiam
380 419 607 446 sonstantiensis
618 419 728 454 Synodi
746 428 797 455 pro
814 418 1035 445 Vladislauiensi
1050 418 1133 454 Epis-

194 469 265 496 copo
283 460 368 486 latam
388 459 476 488 1417.
492 470 526 487 ex
543 461 628 487 reteri
645 460 768 487 Sebeda.

194 500 323 537 Epistola
352 501 387 527 ad
410 502 551 528 Joanuem
576 502 798 528 l‘osnaniensem
821 501 985 537 episcopum
1003 500 1038 527 de
1054 504 1131 526 certa

193 543 332 579 pecuniae
348 552 455 569 summa
472 543 611 570 soluenda
631 542 717 571 1418.
735 552 768 569 (fx
786 543 871 569 reteri
887 542 1009 569 Srlwda.

193 583 310 610 Ordinis
326 585 498 620 snpplicatio
515 585 550 611 ad
568 585 735 611 l'ontiticem
752 584 846 618 Rom„
878 588 904 609 vt
920 582 1131 609 Vladislanien-

190 625 228 651 sis
241 625 375 662 Episcopi
393 625 556 653 cathedram
574 627 647 653 intra
658 626 802 652 Prussiam
817 625 970 651 constituat
986 624 1130 650 autPrus-

189 667 261 693 sicas
278 667 410 693 ecclesias
426 677 442 694 a
460 668 695 694 Yladislaniensis
711 671 859 703 segreget,
890 675 923 692 ex
940 665 1063 694 Sebeda.

191 749 312 776 Concilii
329 751 556 777 Constantii-usis
573 751 709 778 instituto.

158 812 164 820 .
190 790 376 827 Priuilegium
393 792 528 819 ecclesiae
538 792 661 828 (Tzinger
673 796 701 818 et
715 790 840 828 parocho
852 791 911 817 eius
927 790 1026 816 datum
1038 788 1128 818 1353.

189 842 224 860 ex
240 834 325 859 veteri
341 833 465 860 scheda.

136 874 164 903 ''-
190 874 309 901 Articnli
329 883 345 901 a
366 874 483 901 Polonis
500 874 639 907 Elbingae
661 877 760 900 contra
781 873 910 900 ordinem
934 873 1127 899 Teutonicum

188 924 241 952 per
255 916 364 951 legatos
380 916 506 949 exhibiti,
538 908 626 944 1420.
644 924 679 941 ex
694 915 781 942 veteri
797 914 920 941 Sebeda.

145 958 163 985 '.
190 957 363 992 Sigismundi
386 957 570 993 Imperatoris
593 957 713 993 epistola
734 956 770 983 de
791 956 968 983 Polonorum
989 955 1126 982 aduersus

1147 342 1150 367 1,
1168 333 1227 362 241

1147 390 1149 431 l

1146 522 1149 545 Ι

1165 580 1236 610 243.

157 729 165 737 .
189 707 296 735 Vitoldi
321 708 452 745 Epistola
475 709 511 735 de
532 709 697 745 episcopatu
721 707 921 735 Medenecensi
937 717 989 744 per
1005 701 1146 748 Legatos}

188 997 326 1025 Ordinem
343 997 536 1024 Teutonicum
552 999 703 1035 postulatis
714 1018 723 1031 ,
748 997 836 1026 1422.
852 1007 887 1024 ex
903 998 989 1024 xeteri
1005 996 1126 1023 scheda.
1143 1006 1145 1030 3

156 1060 162 1068 .
185 1039 257 1066 Dem
273 1039 443 1075 erwirdigen
459 1040 671 1074 Kucltmeister,
701 1039 901 1066 Holtemeister
915 1038 1066 1065 deutsches
1082 1048 1127 1063 or-

187 1081 257 1107 dens
274 1090 324 1107 czn
336 1090 469 1117 pruszen,
488 1090 597 1107 vnserm
606 1085 737 1117 geuatter
751 1081 806 1107 vnd
820 1081 913 1107 lielien
925 1079 1126 1115 andiichtigen.
1143 1083 1144 1093 ¹

155 1143 162 1150 .
188 1120 330 1159 Epistola,
347 1131 432 1158 qnam
448 1122 648 1158 Sigismundns
664 1122 735 1158 lmp.
752 1131 804 1158 per
814 1122 980 1148 Couradnm
997 1121 1032 1148 de
1042 1122 1126 1147 Yuis-

186 1164 272 1199 berga
293 1163 369 1190 misit
391 1163 427 1190 ad
449 1164 624 1190 Vladislaum
649 1172 761 1199 regem,
786 1164 941 1190 Vitandum
967 1163 1068 1189 ducem
1090 1162 1125 1189 de

185 1214 267 1241 pace,
286 1203 374 1233 1421.
393 1215 408 1231 6
424 1205 509 1231 veteri
531 1204 654 1232 scheda.

187 1246 317 1283 Epistola
328 1246 503 1280 Sigismundi
514 1245 585 1282 Imp.
596 1245 633 1272 ad
644 1244 813 1280 Vitoudum,
829 1244 865 1272 de
881 1244 980 1272 eadem
993 1254 1023 1271 re
1036 1243 1124 1273 1421.

184 1297 218 1314 ex
234 1287 334 1314 eadem
351 1286 473 1313 Scheda.

185 1328 312 1355 Litterae
327 1328 456 1355 Przenici
472 1327 551 1354 ducis
573 1333 602 1355 et
617 1327 726 1355 domini
742 1328 972 1364 Troppaniensis
983 1347 991 1362 ,
1021 1327 1125 1363 quibus
1141 1314 1143 1331 Ε

183 1370 269 1396 fidem
285 1369 426 1406 publicam
445 1370 533 1396 unciis
549 1370 606 1396 suis
622 1374 767 1406 praestat,
800 1369 889 1398 1417.
912 1379 946 1396 ex
962 1373 1074 1405 autogr.

185 1411 354 1438 Memoriale
377 1412 572 1447 procuratoris
598 1412 706 1438 ordinis
731 1411 996 1446 'l'heutonicorum,
1034 1410 1123 1439 1414.

182 1461 217 1480 ex
232 1452 320 1479 veteri
335 1452 459 1480 Scheda.

180 1493 268 1521 Pacta
290 1494 366 1520 iuter
388 1493 539 1521 Summum
554 1494 723 1530 Magistrum
748 1498 776 1522 et
790 1494 966 1531 Episcopum
981 1495 1124 1522 Vladisla-

182 1535 310 1563 uiensem
327 1535 406 1562 inita.

183 1576 370 1612 Priuilegium
387 1586 475 1613 super
490 1586 596 1604 nouem
619 1577 763 1613 iugeribus
785 1577 814 1604 in
829 1577 953 1604 Vocensi
968 1586 1058 1614 agro3
1088 1586 1124 1604 ex

181 1619 269 1645 veteri
283 1618 407 1646 Sebeda.
426 1618 515 1647 1414.

178 1659 354 1696 Sigismundi
364 1660 546 1696 Imperatoris
554 1659 677 1686 Romani
684 1659 811 1687 Litterae
818 1660 854 1686 ad
861 1660 1028 1696 Magistrum
1038 1659 1123 1687 Sum-

180 1711 266 1734 mum,
282 1710 318 1728 ne
329 1710 428 1737 pacem
439 1711 503 1727 cum
512 1701 629 1727 Polonis
639 1701 736 1736 saciat,
754 1699 844 1730 1422.
855 1711 889 1729 ex
899 1703 987 1729 veteri
996 1701 1120 1730 Scheda.

184 1742 314 1770 Litterae
329 1742 365 1769 de
380 1743 480 1770 eadem
496 1752 545 1777 re3
575 1752 610 1769 ex
625 1751 726 1779 apogr.

185 1784 313 1811 Consilia
329 1784 365 1810 de
380 1783 434 1811 hac
449 1793 496 1819 re,
526 1786 558 1811 A.
575 1788 603 1811 et
618 1784 652 1812 B.

181 1826 252 1852 Acta
267 1825 375 1852 ordinis
391 1826 528 1852 German.
545 1835 609 1853 cum
625 1834 710 1862 papa.
726 1825 801 1852 Ann.
822 1823 913 1854 1221.

180 1866 347 1894 Insormatio
364 1866 493 1894 Conradi
508 1867 662 1904 Ludeking
677 1868 872 1904 procuratoris
887 1868 1055 1894 Causarum.

180 1908 349 1935 lnsormatio
366 1908 403 1935 ad
420 1913 571 1946 utramque
584 1914 697 1946 partem
713 1909 822 1936 domini
836 1909 973 1936 Ardicinii
982 1910 1120 1938 Advocati

179 1950 298 1977 ordinis.

179 1990 356 2029 Sigismundi
371 1990 442 2028 Imp.
457 1991 584 2019 Litterae
599 1991 636 2019 ad
651 1991 804 2019 Nicolaum
820 1992 856 2020 de
870 1991 1006 2029 Rybnitz,
1028 1990 1118 2022 1413.

177 2042 212 2060 ex
228 2034 314 2061 veteri
331 2032 445 2062 scheda.

179 2074 276 2102 Brieff
287 2075 336 2102 des
353 2069 506 2102 Comtlfurs
520 2085 555 2102 zu
566 2075 749 2113 Kiinigsberg
767 2084 803 2102 an
819 2075 876 2103 den
890 2074 969 2102 Rath
983 2076 1119 2113 daselbst,

176 2116 250 2145 Ann.
270 2116 358 2146 1428.
388 2116 432 2143 Ex
447 2126 545 2154 apogr.

174 2157 297 2195 Eugenii
313 2158 374 2185 1111.
395 2157 428 2184 P.
444 2159 479 2186 R.
502 2159 631 2196 Epistola
652 2158 884 2186 commendatitia
900 2157 937 2185 ad
951 2158 1119 2195 Magistrum

176 2199 209 2227 A.
227 2198 317 2229 1434.
348 2200 392 2226 Ex
408 2200 598 2237 autographo.

176 2240 301 2277 Eugenii
316 2241 376 2269 ΗΠ.
394 2241 426 2268 Ρ.
442 2242 477 2269 R.
494 2242 621 2269 Litterae
636 2241 884 2270 commendatitiae
899 2241 936 2268 ad
950 2241 1118 2278 Magistrum
1134 2270 1135 2280 γ

178 2280 268 2312 1432.
285 2292 319 2310 ex
334 2283 526 2320 autographo.

180 2323 296 2352 Martini
320 2325 355 2352 V.
380 2325 622 2353 recommendatio
646 2334 700 2362 pro
725 2326 837 2353 Joanne
856 2324 957 2351 Electo
976 2323 1116 2352 Pomeza-

176 2365 279 2401 niensi,
310 2366 400 2395 1427.

178 2406 325 2435 Absolutio
360 2408 492 2436 Andreae
521 2408 641 2436 Roberti
670 2408 831 2446 presbyteri
861 2406 1116 2444 Wladislaviensis,

178 2445 268 2477 1436.
282 2458 317 2476 ex
331 2454 444 2486 autogr.

178 2490 249 2516 Acta
263 2499 298 2517 ex
313 2492 432 2518 concilio
448 2491 609 2519 Basiliensi.

177 2530 300 2567 Euge-nii
314 2531 346 2560 P.
361 2532 396 2560 R.
413 2533 476 2560 1111.
492 2533 624 2570 Epistola
639 2532 675 2560 de
691 2531 895 2569 seqvestranda
910 2535 939 2558 et
953 2531 1116 2559 custodien-

176 2571 214 2599 da
228 2573 350 2609 pecunia
365 2583 418 2610 pro
441 2575 548 2602 unione
559 2575 749 2610 Graecorum,
767 2572 856 2602 1438.
873 2582 908 2600 ex
924 2573 1114 2610 autographo,

177 2612 221 2640 Ex
237 2614 414 2651 apographo,
430 2617 494 2644 eine
509 2615 732 2652 verschreibung
748 2624 784 2642 an
802 2615 880 2642 Hans
895 2623 952 2641 von
968 2614 1114 2643 Aweiden.

178 2654 243 2682 Von
266 2656 471 2694 gebrauchung
495 2657 545 2684 des
572 2658 692 2685 Holczes
719 2666 750 2684 so
771 2657 817 2683 die
840 2655 983 2692 Schipper
1005 2665 1042 2683 an
1063 2656 1116 2684 der

173 2695 281 2724 Weisel
296 2697 353 2725 vnd
368 2702 447 2725 sonst
460 2707 504 2727 wo
521 2699 570 2727 Sie
585 2699 726 2736 anlegen,
755 2697 851 2726 haben
865 2706 996 2734 moegen.

1166 455 1237 486 242.

1153 1948 1224 1979 259.

1153 2031 1226 2063 260.

1152 2116 1224 2146 261.

1153 2158 1224 2188 262.

1151 2240 1224 2271 263.

1151 2282 1223 2313 264.

1150 2407 1221 2437 265.

1149 2572 1220 2604 267.

1148 2656 1221 2687 268.

1232 352 1239 359 .
1270 333 1332 359 Yon
1359 335 1410 360 der
1431 336 1593 372 &Vin-tuing,
1624 337 1762 364 Scliewne
1786 338 1842 364 und
1866 338 2005 365 (belse-ude
2027 339 2120 366 hinter
2135 340 2200 368 dem

1267 374 1399 409 Tlnnne,
1439 377 1493 403 x'nd
1517 378 1583 404 dasz
1607 388 1671 404 man
1696 376 1782 405 keine
1798 380 1911 406 Strasze
1932 381 2000 407 vber
2021 380 2077 407 den
2098 380 2200 418 Fregel

1264 415 1356 442 hain-n
1374 418 1441 452 soll,
1460 417 1548 447 1434.
1580 420 1623 445 Ex
1638 420 1815 456 apographo.

1267 457 1330 484 Yon
1349 459 1411 485 dem
1429 469 1508 486 raum
1524 460 1672 488 Zwiselien
1689 462 1740 488 der
1765 462 1890 489 brucken
1914 462 1967 489 vnd
1984 463 2134 497 Angustin.
2149 463 2201 490 Vi-

1265 499 1335 526 cken
1359 499 1498 536 Speiclier
1523 502 1553 527 rs
1573 502 1619 528 die
1643 502 1751 530 Lincke
1775 504 1852 530 Seite
1877 502 1941 530 liart
1966 513 2010 531 am
2027 498 2140 541 Pregel,
2168 514 2200 532 so

1263 550 1293 565 so
1310 550 1374 567 man
1392 542 1433 568 Zn
1451 542 1480 569 S.
1497 542 1630 578 Georgi-n
1647 544 1742 579 gelwt,
1768 543 1856 573 1431).
1887 545 1929 571 lix
1944 546 2120 582 apographo.

1262 582 1493 619 Yerscln-eilnung
1523 584 1574 610 der
1597 584 1736 620 Speicln·r
1765 586 1857 613 Stette
1879 586 2003 614 (iericke
2027 587 2198 624 W'indborg,

1263 623 1326 649 dem
1345 624 1425 649 ratlie
1440 625 1567 660 gegeben
1586 624 1674 654 1425.
1705 626 1747 652 Ex
1765 627 1942 663 apographo.

1229 684 1235 690 .
1263 664 1402 692 Uadis-lai
1428 666 1514 702 Regis
1538 666 1676 694 Poloniae
1696 668 1895 703 denunciatio,
1931 669 2007 705 qnod
2032 679 2091 696 non
2117 678 2133 696 a
2157 679 2198 705 se,

1261 706 1309 732 sed
1327 716 1342 732 a
1359 708 1505 733 cruciferis·
1522 709 1703 735 tractationes
1718 710 1796 746 pacis
1813 710 1889 735 irrite
1907 716 1972 737 snnt
1988 712 2090 745 sactae,
2106 710 2197 740 1422.

1210 747 1234 773 ”.
1261 747 1391 783 Epistola
1407 748 1535 783 Magistri
1551 749 1586 775 ad
1604 750 1711 785 Regem
1726 751 1846 786 Angli-‘te
1863 751 1898 778 de
1911 752 2086 779 llanseaticis
2102 754 2198 788 rebus,

1262 788 1351 817 1434.
1382 790 1425 816 Ex
1441 790 1551 816 duabus
1568 792 1710 818 veteribus
1729 792 1857 818 Scliedis.

1227 850 1233 857 .
1262 830 1390 863 Magistri
1416 832 1524 858 ordinis
1549 832 1579 858 S.
1606 833 1724 860 Joannis
1749 833 1875 860 Litterae
1900 833 1967 860 fidei
1991 832 2121 870 publicae
2142 831 2196 858 ΑΟ.

1262 872 1351 900 1433.
1368 882 1402 899 ex
1418 873 1607 910 autographo.

1225 932 1232 939 .
1261 914 1442 949 Magistratus
1453 915 1615 942 Crosseusis
1627 915 1757 952 Epistola
1772 916 1809 943 ad
1825 916 1954 943 ordinem
1970 915 2005 942 de
2021 914 2077 941 vini
2093 913 2199 949 aliqvot

1259 954 1342 981 doliis·
1364 964 1380 981 a
1405 956 1516 983 Joaune
1540 956 1576 983 de
1602 957 1685 984 Halla
1709 959 1810 994 emptis
1834 958 1962 984 nondum
1983 957 2075 984 soluto
2092 954 2197 992 pretio,

1260 995 1350 1024 1423.
1366 1006 1399 1023 ex
1415 998 1605 1034 autographo.

1225 1057 1232 1064 .
1263 1038 1472 1065 'l'estimonium
1489 1040 1705 1066 coloniensium
1721 1040 1824 1066 cininm
1835 1039 2107 1067 Commendatorem
2120 1037 2198 1063 Con-

1259 1079 1394 1106 fluentiae
1411 1089 1462 1116 pro
1479 1081 1568 1107 fratre
1584 1091 1641 1107 non
1658 1081 1839 1108 fideiussisse.
1883 1082 1927 1108 Ex
1942 1087 2053 1117 autogr.

1225 1140 1232 1147 .
1256 1121 1401 1156 Litterae,
1445 1122 1544 1157 qvibns
1574 1122 1764 1159 respondetur
1793 1123 1955 1149 inuitationi
1983 1120 2130 1149 Pontificis
2158 1117 2196 1146 ad

1259 1162 1418 1189 Concilium
1442 1163 1637 1198 Ferrariense,
1674 1162 1762 1192 1437-
1796 1164 1839 1190 Ex
1855 1164 1968 1191 Scheda
1984 1162 2124 1200 originali.

1209 1201 1231 1228 '.
1259 1203 1385 1229 Litterae
1401 1204 1532 1239 publicae
1548 1204 1615 1231 fidei
1631 1205 1794 1241 aMagistro
1808 1206 2009 1232 Joannitarum
2023 1204 2128 1231 nuncio
2145 1202 2196 1230 da-

1258 1248 1304 1270 tae
1324 1243 1411 1272 1435.
1442 1245 1485 1270 Ex
1501 1245 1691 1282 autographo.

1224 1305 1230 1311 .
1257 1285 1374 1311 Martini
1391 1285 1425 1312 V.
1441 1286 1522 1313 litere
1538 1287 1575 1313 ad
1593 1287 1737 1313 Vitoldum
1754 1287 1784 1313 S.
1801 1287 2005 1322 Alexandrum,
2035 1295 2071 1312 ne
2094 1285 2195 1312 haere-

1257 1327 1318 1352 ticis
1334 1326 1468 1353 Bollemis
1484 1328 1645 1362 auxilietur,
1670 1338 1715 1356 at).
1733 1328 1822 1357 1422.
1851 1329 1895 1355 Ex
1911 1329 1997 1355 reteri
2013 1327 2136 1355 Scheda.

1223 1387 1230 1395 .
1258 1368 1413 1395 Procerum
1429 1368 1566 1396 Poloniae
1581 1370 1703 1406 epistola
1718 1370 1754 1396 ad
1770 1379 1903 1406 proceres
1916 1370 2078 1405 Huugariae
2094 1368 2130 1395 de
2146 1376 2196 1394 ne—

1257 1410 1341 1445 gotiis
1357 1410 1525 1445 qxibusdam
1541 1412 1746 1446 comentionis,
1765 1410 1853 1440 1423.
1884 1411 1927 1437 Ex
1942 1412 2028 1438 veteri
2044 1409 2167 1436 Scheda.

1223 1471 1230 1478 .
1258 1451 1395 1477 Yladislai
1413 1452 1532 1488 epistola
1548 1452 1584 1479 ad
1602 1453 1702 1479 ducem
1718 1453 1890 1480 Lithuaniae
1914 1452 1949 1479 de
1973 1461 2043 1489 pace
2067 1450 2195 1477 ineunda

1256 1497 1284 1519 et
1300 1493 1335 1519 de
1345 1492 1559 1520 Crucil'erorum
1574 1495 1806 1531 impressionibus
1820 1493 1909 1523 1431.
1925 1503 1959 1520 ex
1969 1494 2057 1520 veteri
2069 1491 2193 1518 Sebeda.

1223 1555 1229 1561 .
1254 1534 1360 1561 Salnus
1377 1535 1535 1561 conductus
1551 1544 1567 1562 a
1584 1536 1730 1562 Vladislao
1751 1537 1830 1572 Rege
1847 1536 1954 1562 ordinis
1971 1535 2052 1562 datus
2068 1533 2192 1569 Legatis.

1158 1578 1163 1586 “
1205 1576 1229 1602 ”.
1252 1576 1333 1602 Pacis
1350 1577 1503 1603 conuentio
1519 1577 1593 1603 inter
1614 1577 1723 1613 Regem
1742 1577 1880 1604 Poloniae
1901 1582 1930 1604 et
1949 1577 2059 1604 Ducem
2073 1575 2192 1602 Lithua-

1255 1617 1338 1651 niae,
1365 1616 1453 1646 1430.
1479 1618 1523 1644 Ex
1538 1619 1626 1645 veteri
1641 1618 1764 1646 Sclieda.

1221 1678 1229 1685 .
1253 1658 1379 1685 Litterae
1401 1659 1504 1695 plenae
1524 1661 1672 1696 potentiae
1694 1660 1777 1687 datae
1792 1659 1919 1696 Syndico
1941 1668 1991 1686 seu
2006 1657 2193 1685 Procurator-i

1255 1700 1373 1727 ordinis.

1220 1763 1227 1770 .
1256 1742 1395 1768 Vladislai
1410 1742 1497 1779 Regis
1512 1743 1634 1779 epistola
1652 1743 1687 1770 de
1703 1743 1884 1770 Hussitarum
1898 1742 2084 1780 impressione
2100 1738 2190 1770 1428·

1253 1792 1288 1810 ex
1302 1784 1390 1810 veteri
1406 1783 1528 1811 Scheda.

1220 1845 1226 1852 .
1250 1824 1380 1861 Epistola
1390 1845 1399 1861 ‚
1429 1835 1485 1862 qua
1509 1825 1658 1853 Cardinali
1678 1825 1852 1853 Nauariensi
1876 1825 1947 1852 ordo
1971 1824 2131 1862 gratulatur
2154 1821 2191 1850 de

1254 1867 1427 1902 eminencia,
1449 1872 1477 1894 et
1493 1876 1537 1894 res
1554 1867 1661 1894 ordinis
1677 1867 1869 1902 commendat,
1887 1866 1977 1896 1427.
2005 1866 2050 1893 Ex
2064 1864 2191 1901 scheda,

1253 1908 1282 1934 in
1298 1917 1355 1945 qua
1371 1914 1510 1945 concepta
1525 1909 1645 1946 epistola
1661 1914 1689 1936 et
1704 1914 1831 1936 correcta
1845 1908 1908 1936 fuit.

1249 1949 1376 1977 Litterae
1400 1950 1435 1977 ad
1457 1950 1678 1978 Procuratorem
1702 1951 1809 1978 ordinis
1832 1950 1868 1978 de
1883 1950 2054 1977 iudiciorum
2069 1947 2191 1985 impedi·

1251 1992 1354 2018 mentis
1365 2012 1373 2027 ,
1391 1991 1480 2021 1426.
1497 2001 1531 2019 ex
1546 1993 1634 2019 veteri
1649 1992 1772 2020 Scheda.

1253 2033 1444 2060 Commendat
1464 2034 1600 2070 Magister
1621 2034 1799 2071 procuratori
1818 2033 1976 2071 parochum
1997 2032 2190 2066 Melumnum,

1254 2073 1344 2104 1426.
1361 2084 1395 2102 ex
1410 2075 1542 2110 Sebeda,
1571 2076 1600 2102 in
1616 2085 1672 2112 qua
1688 2076 1817 2112 Epistola
1832 2076 1956 2112 primum
1971 2079 2111 2110 concepta
2124 2072 2188 2099 fuit.

1254 2116 1296 2143 Ad
1306 2117 1429 2144 eundem
1438 2123 1655 2154 procuratorem
1666 2117 1701 2144 de
1713 2118 1795 2143 variis
1806 2118 1899 2144 rebus.
1925 2117 1968 2143 Ex
1979 2115 2084 2142 scheda
2095 2113 2189 2142 simili.

1257 2158 1418 2185 Conuentio
1436 2159 1510 2186 inter
1524 2159 1618 2186 Duces
1634 2159 1753 2186 Silesiae
1769 2159 1804 2186 de
1819 2158 2012 2193 haereditate,
2042 2155 2132 2185 1424.
2153 2163 2188 2183 ex

1250 2201 1339 2227 veteri
1354 2200 1494 2233 Sebeda„
1511 2199 1520 2207 ⁸

1248 2241 1376 2268 Litterae
1391 2242 1427 2268 ad
1442 2231 1647 2279 praecieptores
1655 2241 1807 2276 Liuoniae,
1823 2250 1838 2269 e
1853 2241 1941 2268 veteri
1954 2239 2080 2274 Sebeda,
2096 2236 2188 2267 1423.

1250 2283 1427 2319 Sigismundi
1449 2284 1633 2320 Imperatoris
1651 2283 1818 2310 mandatum
1840 2283 1877 2310 ad
1898 2282 1984 2309 duces
1999 2280 2144 2308 Slesewici
2159 2283 2188 2307 et

1248 2324 1397 2363 Holsatiae
1412 2324 1448 2351 de
1462 2334 1534 2362 pace
1549 2335 1612 2352 cum
1633 2334 1700 2361 rege
1720 2325 1831 2353 Daniae
1850 2324 1956 2351 arbitro
1971 2321 2127 2350 Rusdorfio
2143 2321 2188 2348 in-

1249 2366 1355 2401 eunda,
1372 2365 1463 2395 1431.
1478 2376 1493 2394 6
1508 2366 1623 2394 Sclieda
1637 2367 1735 2393 veteri.

1250 2407 1382 2444 Epistola
1410 2408 1536 2445 episcopi
1565 2408 1711 2435 Curoniae
1735 2407 1771 2435 ad
1794 2406 1962 2443 Magistrum
1983 2405 2126 2433 Liuoniae
2148 2404 2186 2432 de

1248 2450 1450 2476 controuersiis
1465 2450 1572 2477 ordinis
1590 2449 1679 2479 1440.
1696 2459 1730 2476 ex
1744 2448 1866 2476 Scheda.

1132 2485 1134 2493 ’
1149 2490 1221 2521 266.
1236 2490 1367 2527 Epistola
1383 2491 1509 2527 magistri
1525 2492 1710 2526 Germaniae,
1725 2500 1782 2527 qua
1798 2489 1993 2526 priuilegium,
2007 2488 2085 2526 quod
2099 2495 2185 2525 prae-

1248 2533 1357 2568 ceptori
1374 2532 1494 2567 Tylensi
1510 2537 1705 2568 concesserat,
1726 2532 1922 2559 confirmatur.

1249 2573 1372 2600 Parochi
1388 2574 1576 2602 Toruniensis
1593 2574 1713 2611 epistola
1733 2573 1770 2600 de
1787 2573 1915 2600 aduentu
1930 2581 1982 2600 suo
1996 2571 2132 2607 Romam,
2157 2574 2186 2598 et

1248 2615 1316 2652 quid
1333 2624 1396 2641 cum
1411 2615 1492 2652 Papa
1508 2617 1597 2652 egerit
1615 2614 1702 2644 1432.
1719 2624 1735 2642 6
1750 2615 1876 2643 scheda.

1249 2656 1292 2683 Ad
1315 2656 1482 2692 Magistrum
1502 2657 1642 2684 Liuoniae
1663 2657 1698 2684 de
1719 2656 1805 2684 variis
1820 2657 1904 2684 rebus
1919 2655 2066 2691 mandata,
2091 2651 2181 2683 1422.

1247 2708 1282 2726 ex
1297 2707 1330 2726 ea
1346 2697 1459 2726 Scheda
1471 2718 1480 2734 ‚
1508 2699 1539 2726 in
1555 2708 1611 2736 qua
1627 2703 1782 2736 conceptae
1796 2698 1909 2726 litterae
1921 2698 2050 2725 fuerunt.
