2482 3068
1158 188 1261 220 XXII

276 288 421 319 Tandem
444 300 463 318 a
483 299 543 327 quo
567 286 744 319 venerabili
766 289 836 318 viro
861 297 979 318 exorsa
1004 292 1053 319 est
1081 289 1238 327 praefatio
1268 299 1356 328 mea,
1394 288 1435 319 ad
1465 288 1611 319 eumdem
1642 286 1734 319 illum
1763 288 1857 320 redit.
1913 289 2023 329 ltaque
2053 292 2150 322 etiam
2175 290 2267 329 Tim,

148 340 364 371 illustrissime
386 337 608 377 thmixlzuss,
633 337 692 368 hoc
717 337 946 376 qualecumque
971 349 1049 376 opus
1072 339 1117 368 ita
1140 339 1339 378 commendo,
1361 343 1414 378 ut,
1440 340 1468 369 si
1492 338 1570 369 Tml
1593 337 1675 369 illud
1698 348 1761 369 non
1784 350 1912 378 prorsus
1935 340 2153 381 displicuerit,
2177 353 2266 383 egre—

146 392 231 431 giam
255 389 432 420 studiorum
455 389 634 419 mercedem
656 393 838 427 reportasse
860 390 929 419 iure
952 387 1032 418 1111111
1054 388 1175 419 videar.
1221 388 1302 425 Quis
1323 390 1408 419 enim
1431 390 1546 419 iustior
1567 399 1667 427 aeque
1691 399 1728 418 ac
1749 390 1883 427 peritior
1902 389 1977 420 libri
1996 393 2058 422 mei
2081 395 2268 424 aestimator

147 451 218 471 esse
240 441 376 479 poterit,
411 450 503 478 quam
529 438 602 477 TU,
636 439 689 477 qui
713 449 776 469 non
798 442 922 468 tantum
945 449 964 467 a
986 439 1090 477 prima
1111 439 1186 468 inde
1210 440 1374 469 iuventute
1398 440 1431 469 in
1455 438 1504 469 his
1527 438 1644 469 litteris
1667 443 1812 469 versatus
1836 450 1890 478 es,
1929 440 1984 470 sed
2007 443 2189 474 etiamnunc
2211 454 2268 483 per

146 491 320 520 senectutis
343 490 409 519 otia
431 490 464 519 in
487 487 553 518 illis
577 487 724 519 habitas?
764 489 983 519 Srmcm'rms
1007 487 1063 518 ille
1087 489 1171 519 inter
1196 500 1270 520 suos
1302 501 1365 521 non
1395 493 1558 527 mortuus,
1599 499 1691 527 quem
1715 499 1778 519 non
1801 488 1957 530 collegam
1981 495 2104 522 tantum
2127 492 2268 532 colebas,

146 540 203 571 sed
226 541 323 570 etiam
346 542 474 578 propter
498 538 659 579 singulare
682 540 844 579 ingenium
873 543 904 569 et
926 539 1035 569 variae
1059 538 1224 570 doctrinae
1252 539 1444 581 elegantiam
1466 539 1603 570 maximi
1626 538 1784 577 faciebas,
1816 539 1855 569 de
1879 545 2043 572 senectute
2065 552 2142 581 sua,
2173 554 2268 582 quam

147 592 179 621 in
202 589 340 621 iucundo
363 588 543 619 litterarum
574 590 766 619 commercio
796 588 1012 629 transigebat,
1053 589 1238 628 praedicare
1267 590 1393 621 solebat
1417 588 1632 620 Goethianum
1661 588 1758 620 illud:
1805 589 1885 620 lVas
1906 600 1979 621 man
2000 594 2036 622 in
2057 592 2116 622 der
2135 591 2270 634 Jugencl

145 639 326 676 wuenscht,
353 637 411 669 hat
433 649 506 669 man
525 642 567 669 im
590 638 690 669 Alter
714 638 769 670 die
786 637 914 670 Fuelle.
960 638 1062 675 Quam
1088 641 1247 680 egregiam
1270 641 1462 671 sententiam
1486 640 1555 679 quis
1579 643 1673 679 neget
1695 640 1728 670 in
1753 638 1804 670 ΤΒ
1829 650 1952 679 quoque
1976 642 2149 681 quadrare,
2178 644 2268 673 cuius

146 694 292 720 senectus
315 690 384 728 ipsa
408 688 525 719 litteris
549 694 582 719 et
604 690 734 728 optimis
758 689 934 728 quibusque
957 690 1071 720 studiis
1094 691 1139 720 ita
1161 690 1307 721 dedicata
1331 694 1398 729 est,
1433 694 1470 720 ut
1492 689 1657 720 doctrinae
1679 689 1837 720 thesauris
1866 702 1923 730 per
1949 695 2050 723 totam
2077 694 2177 723 vitam
2201 692 2266 723 sol-

145 739 242 770 lerter
264 740 423 779 congestis
447 749 509 769 non
532 739 708 770 delectetur
730 743 873 778 tantum,
897 740 952 770 sed
973 741 1012 769 iis
1028 740 1181 779 augendis
1205 740 1340 771 iuvenili
1362 750 1491 779 prorsus
1508 739 1614 771 studio
1635 740 1805 778 operetur?
1834 739 1926 771 Hanc
1943 744 2049 772 autem
2069 746 2265 773 senectutem

145 788 232 820 Deus
256 790 393 828 optimus
416 788 583 819 Maximus
616 790 753 828 propitio
783 788 875 820 vultu
898 793 992 820 tuens
1017 802 1111 829 quam
1141 791 1320 822 diutissime
1345 790 1396 822 ΤΕ
1420 794 1527 821 servet
1549 789 1692 830 inclytae
1717 789 1815 822 TUM:
1836 792 1943 832 genti,
1972 793 2111 830 patriae,
2143 794 2266 832 amicis,

145 839 376 875 familiaribus3
406 841 446 870 iis
468 840 605 879 denique
628 839 793 877 omnibus,
819 841 872 878 qui
895 838 946 870 Te
969 842 1166 879 suspiciunt,
1188 840 1317 879 colunt,
1340 841 1547 872 admirantur.
1592 839 1689 871 Vale.
