2482 3068
1175 215 1264 246 XXI

161 319 273 352 ratur,
298 313 435 344 Ebertus
458 313 642 350 adnotavit,
668 312 706 343 ad
732 323 809 352 quas
832 313 1044 344 bibliothecas
1067 314 1182 353 reliqui
1208 314 1334 345 codices
1358 314 1446 345 illius
1467 314 1667 346 collectionis
1690 318 1903 355 pervenerint.
1929 335 1969 339 —-
2002 316 2110 348 Sliclcl:
2136 319 2281 360 [Sligkl]

160 363 407 395 DCCCXLVI.
437 381 478 385 —-
516 361 738 393 Sneschemm
761 362 857 405 [Jo.]
892 363 1000 394 XCV.
1034 382 1075 386 —-
1114 363 1337 406 Staigadense
1359 369 1587 396 monasterium
1610 364 1645 396 S.
1668 365 1839 397 Jolmnm‘s.
1866 366 2056 398 CLXXIV.
2087 387 2127 391 —
2165 370 2281 401 Sim-ek

163 412 246 457 [Jo.]
271 413 473 444 LXXXIV.
505 430 546 437 -
581 411 757 444 steinbach
783 413 849 455 [Jo.
873 413 977 456 frid]
1009 413 1070 445 XI.
1101 414 1178 446 XII.
1208 433 1251 438 —-—-
1288 414 1420 446 Stockel
1442 414 1599 458 [Simon]
1632 416 1814 448 CCXLVI.
1845 435 1886 439 —-
1924 416 2104 456 Suoffleee'm
2129 419 2280 462 [Paulus]

162 463 294 495 CCVII.
317 482 359 486 -
394 463 579 494 Thomas-tus
604 461 745 505 [Jacob]
772 463 998 494 CLXXXIII.
1022 481 1064 487 —-
1093 465 1133 496 de
1151 466 1186 496 la
1209 465 1294 496 Tour
1320 464 1505 507 [Gabriele]
1532 465 1670 497 CXVII.
1694 484 1735 489 ——
1765 467 1805 497 ab
1829 467 2008 505 Uffenbnch
2034 468 2149 511 [Zach.
2167 469 2281 512 Conr.]

159 514 184 545 I.
208 513 267 545 IV.
291 513 334 545 V.
358 513 522 544 XXVIII.
551 512 671 543 XXX.
694 512 782 543 LVI.
810 513 983 544 CLXXII.
1004 514 1295 546 CCLXXXVIII.
1317 514 1506 546 CCCCLV.
1529 515 1772 548 DCLXXXII.
1793 516 2039 549 DCCCXCVI.
2058 537 2100 542 *-
2132 519 2284 551 Vae'llerius

159 563 231 606 [P.]
256 563 344 595 LVI.
377 581 420 586 ——
464 563 618 605 Vogelt'us
642 562 708 606 [Jo.
728 564 815 606 Jac.]
846 564 1131 596 DCV—DCIX.
1163 565 1288 597 DCXI.
1322 584 1364 588 -
1406 566 1559 606 Voglerus
1590 566 1717 609 [Casp.]
1750 567 1993 598 CCCXXXV.
2025 586 2066 591 —-
2110 569 2284 601 Vulcanius

161 613 316 656 [Bouana]
342 613 574 644 LXXXVIII.
608 631 651 636 ——-
702 614 947 656 lVagenseiIz'us
971 615 1061 658 [Joh.
1083 614 1286 657 Christoph.]
1322 615 1365 646 X.
1395 615 1506 646 XVII.
1537 616 1666 647 XXIII.
1698 617 1868 648 XXXVI.
1895 618 2016 649 XLIII.
2042 618 2166 650 XLVI.
2190 620 2282 651 LIX.

156 664 268 695 LXV.
292 664 453 695 LXXIII.
479 664 659 696 LXXVII.
689 663 765 696 XC.
797 664 922 696 XCIV.
948 665 1073 697 XCVI.
1106 666 1233 697 CXIX.
1260 666 1364 696 CXL.
1390 664 1525 696 CXLII.
1550 666 1666 697 CLVI.
1693 666 1859 698 CLXVII.
1885 667 2027 700 CLXX.
2055 669 2282 701 CLXXXIV.

159 713 342 745 CCXLVI.
372 714 612 745 CCCXXXII.
645 714 771 746 CCCL.
803 714 945 746 CCCLI.
977 715 1154 748 CCCLIV.
1185 715 1398 747 CCCXCVI.
1429 715 1680 749 CCCCXXIV.
1710 716 1862 749 DCLIV.
1894 718 2059 750 DCLVII.
2089 719 2282 751 DCLXXI.

157 764 298 795 DCXC.
325 764 479 795 DCXCI.
504 764 717 796 DCCCLIX.
748 783 791 788 —
833 766 884 798 De
907 768 999 798 codd.
1023 767 1298 808 Wagenseilianis
1331 767 1371 797 cf.
1398 766 1534 797 Goetzn·
1560 778 1666 808 progr.
1698 779 1768 808 pag.
1795 771 1843 799 19.
1874 787 1916 790 —
1961 769 2119 801 Weberus
2144 770 2282 812 [Mich]

160 815 412 846 CCCXXVIII.
439 833 481 838 —
527 815 672 857 th'nghe
696 814 767 858 [P.]
798 816 889 848 LVI.
919 835 963 841 -—
998 818 1039 849 de
1069 818 1155 848 ll'z'lt
1178 815 1289 859 [Jean]
1321 816 1554 847 CLXXXIX.
1587 835 1628 840 —
1677 818 1813 860 Wogaw
1839 818 1971 861 [Zach.]
2001 819 2212 851 CCCLXVI.
2243 838 2284 845 —-

158 865 310 897 Zabelcus
333 864 554 909 [Christopln]
581 865 784 898 (CXCVIII.
808 867 983 899 CCXCIX.
1008 867 1283 899 CCCLXXXIX.
1307 866 1597 899 DCCCLXXXV.
1621 887 1662 890 —

285 965 376 1003 Quae
399 966 433 997 in
456 964 516 996 hoc
538 976 672 996 recensu
696 968 895 1006 monuimus,
929 969 1091 1007 pertinent
1111 972 1236 998 tantum
1259 968 1300 998 ad
1323 968 1450 998 codices
1476 967 1728 999 occidentalibus
1755 967 1873 1009 linguis
1904 971 2111 1009 conscriptos.
2166 970 2282 1003 Orien-

156 1015 238 1047 tales
261 1016 406 1055 codices,
443 1028 521 1056 quos
549 1016 746 1047 bibliotheca
774 1022 883 1048 nostra
914 1017 1029 1058 habet,
1068 1019 1246 1049 maximam
1273 1023 1396 1058 partem
1426 1019 1555 1049 fuerunt
1584 1018 1662 1050 olim
1684 1020 1718 1050 in
1741 1018 1832 1050 libris
1862 1020 2099 1061 lVageuseilc'c‘,
2132 1020 2188 1061 [de
2213 1023 2283 1060 qui-

157 1067 216 1097 bus
238 1066 305 1097 vid.
331 1077 411 1106 quae
433 1072 562 1097 narrata
585 1071 659 1097 sunt
683 1068 716 1097 in
738 1066 841 1098 libro:
866 1068 1010 1100 Monatl.
1042 1068 1334 1110 Uuterredungen,
1358 1080 1432 1099 ann.
1450 1071 1542 1100 1691.
1566 1080 1638 1111 pag.
1656 1072 1728 1100 236.
1748 1080 1814 1108 sqq.
1840 1073 1872 1100 et
1892 1081 1965 1100 ann.
1990 1073 2081 1101 1693.
2106 1082 2176 1112 pag.
2193 1071 2282 1113 539]

163 1116 306 1158 Ungeri,
337 1117 515 1155 ΑεοῐηΙΙιῖ,
554 1117 742 1155 Pfeszerz',
780 1129 952 1157 eorumque
982 1120 1209 1158 pretiosissimi
1239 1130 1255 1149 e
1281 1119 1393 1158 spoliis
1418 1118 1565 1150 Turcicis
1589 1131 1672 1150 anno
1697 1123 1789 1151 1690.
1829 1119 1920 1150 Buda
1943 1125 2127 1161 expugnata
2148 1121 2283 1152 redemti

157 1172 241 1198 sunt.
295 1165 465 1198 Caeterum
495 1168 534 1198 de
565 1166 615 1198 his
645 1169 742 1198 etiam
775 1168 938 1198 codicibus
967 1168 1122 1206 quaedam
1148 1168 1251 1199 obiter
1276 1170 1428 1199 adnotata
1458 1174 1531 1199 sunt
1560 1171 1593 1200 in
1621 1169 1756 1200 Goelzic'
1780 1181 1884 1211 progr.
1911 1181 1982 1211 pag.
2005 1174 2186 1210 20—24.‚
2227 1171 2283 1202 sed

159 1219 240 1248 quae
263 1208 309 1239 ibi
333 1209 555 1247 disputantur,
593 1219 656 1238 non
679 1209 814 1238 multum
838 1208 896 1238 illa
919 1210 1042 1240 faciunt
1064 1210 1104 1239 ad
1127 1209 1297 1240 historiam
1320 1216 1352 1240 et
1374 1211 1441 1240 sata
1463 1210 1593 1240 illorum
1618 1212 1763 1241 codicum
1786 1214 2022 1252 cognoscenda;
2060 1224 2132 1243 nam
2158 1218 2283 1252 praeter

164 1258 388 1299 Wagenseile'c'
409 1261 441 1288 et
460 1258 619 1288 Acolutlti
640 1258 766 1288 codices
790 1258 828 1288 de
851 1259 927 1289 fatis
950 1261 1044 1289 unius
1066 1264 1191 1290 tantum
1215 1258 1292 1290 libri
1314 1260 1522 1298 manuscripti
1547 1258 1732 1303 [Coranici]
1758 1261 1797 1291 ab
1818 1261 1868 1292 Jo.
1885 1262 2049 1293 Friderico
2070 1263 2282 1302 Gledttschw,

157 1307 336 1347 bibliopola
358 1307 540 1347 Lipsiensi,
579 1308 796 1339 bibliothecae
819 1313 947 1339 nostrae
971 1309 1081 1340 donati
1105 1310 1283 1340 disseritur.
1344 1308 1570 1348 Quaecumque
1595 1310 1633 1341 de
1657 1311 1732 1342 fatis
1757 1316 1954 1343 caeterorum
1977 1313 2120 1344 codicum
2143 1315 2281 1345 orienta-

159 1357 238 1389 lium
261 1360 329 1389 erui
354 1362 518 1397 poterant,
543 1369 581 1389 ea
604 1360 671 1389 suis
694 1358 776 1389 locis
801 1359 835 1390 in
857 1360 927 1398 ipsa
950 1359 1080 1390 illorum
1104 1360 1320 1399 descriptione
1343 1362 1494 1400 exposita
1516 1360 1685 1392 habentur.

286 1456 419 1496 Restat,
447 1463 483 1489 ut
505 1459 601 1489 etiam
624 1457 684 1489 hoc
708 1457 780 1488 loco
803 1460 964 1489 maximas
986 1461 1106 1500 gratias
1131 1470 1222 1500 agam
1246 1459 1422 1490 duumviris
1445 1459 1530 1498 illis,
1560 1459 1707 1490 Hem-ico
1731 1460 1883 1492 Orthobz'o
1906 1461 2096 1494 Flec'schero
2120 1468 2152 1494 et
2172 1461 2282 1494 Frau-

157 1510 242 1538 ct'sco
266 1506 489 1546 Dehinc-hio,
526 1510 579 1547 qui
602 1519 658 1548 pro
682 1510 810 1549 egregia
832 1510 865 1539 in
888 1519 939 1539 me
962 1509 1190 1540 benevolentia
1211 1514 1398 1549 promtoque
1422 1509 1546 1540 litteras
1570 1511 1701 1541 iuvandi
1733 1513 1840 1542 animo
1871 1513 1983 1543 faciles
2012 1525 2104 1544 aures
2133 1514 2280 1553 precibus

157 1559 238 1588 meis
261 1557 492 1597 praebuerunt,
522 1563 557 1589 ut
579 1558 662 1589 alter
684 1557 786 1589 Codd.
808 1558 983 1599 Arabicos,
1015 1560 1178 1599 Persicos,
1208 1559 1380 1598 TurcicoS‚
1410 1559 1492 1590 alter
1513 1560 1709 1600 Hebraicos‚
1741 1561 1953 1601 Rabbinicos,
1986 1563 2137 1603 Syriacos
2161 1564 2279 1594 descri-

156 1607 253 1639 bendi
277 1609 438 1648 negotium
463 1610 495 1639 in
519 1620 553 1639 se
576 1610 762 1648 susciperet.
820 1608 884 1646 Qui
907 1611 969 1640 viri
992 1610 1086 1641 laude
1109 1621 1181 1641 mea
1203 1611 1341 1640 maiores
1365 1611 1435 1649 ipso
1460 1621 1555 1649 opere
1588 1615 1620 1642 et
1646 1611 1756 1642 labore
1787 1623 1863 1651 suo,
1902 1618 2053 1652 quantum
2077 1615 2173 1645 decus
2196 1613 2278 1644 libro

157 1669 228 1689 meo
252 1657 437 1697 attulerint,
464 1659 773 1690 demonstraverunt.
817 1659 950 1691 Praeter
971 1660 1045 1691 illos
1064 1665 1188 1699 autem,
1213 1662 1356 1691 maxime
1379 1660 1459 1691 mihi
1481 1660 1643 1702 gratulor,
1670 1662 1753 1700 quod
1776 1664 1808 1693 in
1831 1663 1909 1694 urbe
1932 1669 2041 1695 nostra
2064 1664 2157 1695 multi
2182 1666 2278 1694 etiam

157 1707 216 1739 alii
237 1709 301 1739 viri
322 1712 430 1747 erant,
461 1720 593 1748 quorum
617 1708 753 1739 consilio
777 1710 1025 1748 prudentissimo
1049 1713 1081 1741 in
1104 1711 1308 1741 recensendis
1332 1711 1612 1751 describendisque
1635 1712 1797 1744 codicibus
1821 1715 1946 1755 egregie
1970 1725 2020 1745 me
2044 1715 2187 1745 adiutum
2211 1725 2279 1744 esse

157 1762 247 1799 grato
271 1759 378 1788 animo
401 1758 564 1797 profiteor.
609 1760 658 1791 Ita
682 1762 765 1791 inter
788 1761 869 1791 alios
898 1760 1033 1792 Carolus
1054 1761 1186 1792 Goulob
1211 1760 1402 1798 Kzlebm'us,
1435 1762 1635 1793 venerandus
1657 1774 1777 1803 senex,
1809 1764 1915 1795 fautor
1940 1766 2082 1795 maxime
2107 1764 2276 1800 colendus;

157 1809 204 1839 ita
229 1808 392 1839 Gustavus
414 1808 610 1848 Haeuelae'us,
641 1812 865 1852 sagacissimus
889 1812 945 1842 ille
969 1818 1001 1843 et
1023 1812 1203 1842 indefessus
1225 1811 1517 1850 Manuscriptorum
1542 1823 1598 1851 per
1619 1817 1719 1844 totam
1744 1825 1845 1853 paene
1869 1814 2030 1853 Europam
2054 1815 2278 1854 dissipatorum

160 1859 388 1899 investigat0r3
419 1859 465 1888 ita
488 1859 674 1891 Lmloca'cus
696 1861 859 1893 Aemilius
879 1862 1057 1893 Richter-m·
1078 1873 1184 1901 meus,
1222 1864 1311 1893 cuius
1341 1862 1521 1893 humanitas
1544 1874 1585 1893 an
1608 1863 1754 1894 doctrina
1776 1866 1876 1905 magis
1900 1864 2059 1895 laudanda
2083 1867 2144 1904 sit,
2185 1867 2279 1896 iuxta

162 1919 232 1939 cum
256 1907 366 1938 multis
389 1907 482 1947 aliis,
517 1911 570 1948 qui
594 1922 666 1941 eum
692 1916 826 1951 norunt,
859 1923 910 1942 me
933 1913 1056 1943 nescire
1080 1913 1202 1948 fateor3
1238 1914 1284 1943 ita
1306 1913 1492 1944 Ludat-icus
1511 1913 1668 1951 Kleeius,
1699 1914 1823 1955 collega
1846 1919 1877 1945 et
1900 1917 2020 1946 amicus
2043 1916 2278 1953 dilectissimus,

162 1959 381 1998 promtissime
405 1968 531 1998 semper
554 1960 634 1991 mihi
658 1961 829 1993 adfuerunt
851 1962 976 1993 auxilio
1002 1967 1034 1993 et
1054 1964 1162 2002 varia,
1196 1973 1256 2002 qua
1279 1963 1462 2002 excellunt,
1500 1964 1645 1994 doctrina
1674 1975 1752 2004 opus
1776 1971 2003 2004 promoverunt
2025 1971 2057 1997 et
2078 1966 2277 1996 adiuverunt.

159 2007 235 2039 Alio
257 2009 342 2038 enim
365 2009 492 2040 codices
514 2011 672 2050 medicos,
713 2011 778 2042 alio
801 2013 896 2043 modo
918 2012 1130 2052 Hispanicos,
1167 2013 1261 2043 modo
1292 2014 1369 2044 iuris
1392 2012 1529 2044 Romani
1556 2014 1674 2053 libros,
1712 2014 1776 2045 alio
1810 2015 1936 2047 codices
1964 2018 2043 2047 iuris
2072 2018 2218 2047 canonici
2247 2021 2275 2046 et

160 2057 363 2097 Germanici,
398 2058 463 2090 alio
485 2060 649 2092 volumina
671 2061 754 2092 Itala
777 2067 809 2093 et
832 2062 1022 2094 Germanica
1052 2064 1157 2102 prisco
1180 2062 1334 2093 idiomate
1364 2065 1544 2103 conscripta
1573 2066 1798 2104 examinante,
1836 2070 1884 2105 et,
1921 2067 1996 2106 quid
2020 2068 2220 2106 potissimum
2244 2067 2276 2096 in

158 2108 226 2139 illis
249 2108 492 2141 describendum
515 2117 617 2150 esset,
643 2112 722 2143 mihi
743 2117 959 2152 monstrante,
989 2114 1109 2144 factum
1128 2116 1195 2151 est,
1225 2118 1262 2144 ut
1282 2115 1379 2144 etiam
1401 2115 1426 2145 ii
1449 2115 1594 2153 codices,
1624 2116 1663 2146 de
1687 2127 1819 2155 quorum
1845 2118 1972 2147 interna
1993 2117 2102 2147 indole
2126 2127 2184 2157 ego
2209 2117 2276 2155 qui-

159 2159 248 2197 dem,
273 2169 369 2197 quum
390 2159 591 2201 lstterarmu,
617 2163 656 2193 ad
680 2174 757 2202 quas
780 2165 959 2203 pertinent,
988 2165 1117 2204 ignarus
1141 2174 1261 2201 essem,
1294 2164 1436 2195 iudicare
1459 2175 1524 2195 non
1546 2169 1708 2204 poteram,
1739 2177 1758 2197 a
1779 2168 1850 2197 viro
1873 2167 2001 2198 illarum
2024 2169 2127 2207 perito
2151 2168 2276 2197 exami-

158 2214 322 2241 narentur.

285 2309 349 2340 Sed
372 2310 509 2342 iniustus
530 2312 674 2350 profecto
698 2324 819 2352 essem,
855 2315 883 2344 si
906 2314 940 2344 in
960 2313 1247 2344 commemorandis
1276 2312 1351 2344 libri
1381 2316 1446 2345 mei
1474 2315 1653 2347 fautoribus
1679 2315 1900 2348 Gebhardtum
1923 2328 2029 2348 meum
2051 2317 2192 2348 silerem.
2246 2318 2275 2349 Is

161 2359 246 2389 enim
268 2370 333 2390 non
355 2364 478 2393 tantum
502 2367 645 2402 sumptus
669 2363 763 2394 huius
784 2363 923 2405 catalogi
943 2364 1058 2395 edendi
1080 2364 1165 2394 haud
1184 2365 1320 2404 exiguos
1345 2363 1458 2406 [quum
1477 2377 1496 2396 a
1514 2365 1655 2397 librariis
1677 2369 1870 2406 paucitatem
1893 2379 2019 2407 eorum,
2046 2370 2099 2407 qui
2121 2369 2275 2399 eiusmodi

157 2408 275 2441 librum
298 2416 406 2442 essent
429 2413 561 2451 emturi‚
586 2413 787 2452 culpantibus
809 2425 874 2444 non
895 2425 992 2444 unam
1013 2414 1174 2454 repulsam
1196 2413 1358 2456 tulissem]
1383 2414 1562 2447 liberaliter
1583 2419 1616 2448 in
1634 2427 1668 2447 se
1685 2419 1843 2456 suscepit,
1868 2419 1924 2449 sed
1947 2420 2044 2449 etiam
2066 2422 2103 2449 ut
2124 2423 2273 2459 typorum

159 2458 319 2501 elegantia
341 2471 378 2492 ae
401 2464 505 2493 nitore
526 2462 609 2494 liber
631 2474 720 2494 meus
744 2464 1036 2504 commendaretur,
1075 2475 1198 2496 summa
1221 2475 1281 2504 ope
1304 2466 1393 2496 nisus
1416 2470 1486 2502 est3
1527 2468 1602 2506 quid
1626 2468 1710 2507 quod
1731 2468 1816 2498 idem
1839 2467 2078 2508 typothetarum
2102 2470 2275 2508 specimina

158 2512 224 2540 tam
245 2509 396 2552 religiose
421 2517 453 2543 et
475 2517 622 2544 accurate
645 2515 714 2552 ipse
738 2515 938 2553 emendavit,
961 2518 997 2545 ut
1015 2514 1095 2546 mihi
1116 2515 1265 2546 ultimum
1287 2515 1346 2546 illa
1367 2517 1554 2556 inspicienti
1576 2529 1670 2557 saepe
1693 2518 1775 2549 nihil
1798 2518 1865 2549 fere
1885 2518 2002 2558 reliqui
2025 2519 2163 2555 faceret3
2191 2519 2273 2558 quod

161 2559 305 2592 officium
327 2573 365 2593 eo
388 2562 488 2601 pluris
511 2563 695 2594 faciundum
717 2568 766 2595 est
785 2566 819 2595 in
836 2564 937 2603 libro,
963 2565 1052 2595 cuius
1074 2576 1137 2596 non
1159 2567 1278 2607 exigua
1300 2566 1371 2598 laus
1393 2569 1428 2598 in
1450 2578 1488 2598 eo
1511 2570 1668 2607 cernitur,
1691 2573 1727 2599 ut
1748 2579 1767 2598 a
1788 2569 2027 2610 typographicis
2047 2570 2171 2600 mendis
2194 2569 2275 2600 liber

161 2612 335 2643 emittatur.
379 2612 467 2644 Idem
487 2613 696 2645 Gebhardtus·
715 2616 813 2645 etiam
831 2616 1007 2654 specimina
1025 2616 1198 2656 insignium
1221 2617 1366 2648 codicum
1384 2629 1456 2648 cum
1479 2618 1748 2650 delineationibus
1772 2621 1965 2658 picturarum
1989 2619 2089 2659 lapidi
2107 2619 2274 2650 incidenda

161 2663 305 2700 curavit,
337 2664 449 2702 quibus
473 2664 589 2694 additis
613 2663 698 2694 haud
722 2665 934 2703 spernendum
958 2665 1053 2697 decus
1078 2665 1224 2708 catalogo
1248 2669 1441 2708 accessisse,
1473 2679 1602 2707 omnes,
1632 2673 1728 2708 puto,
1756 2668 1893 2701 lectores
1915 2671 1999 2711 grati
2021 2681 2144 2701 mecum
2167 2674 2274 2700 conte-

159 2711 337 2742 stabuntur.
