2482 3068
132 286 220 312 uicum
247 287 280 311 de
300 284 444 318 Margarita
467 285 573 320 virgine
597 290 624 312 et
647 291 763 319 martyre

131 328 309 354 Antiochena.
336 327 379 353 35.
407 326 506 353 CXIII.
539 336 563 353 a.
588 343 622 348 —-
666 328 764 355 Variae

132 370 266 395 orationes
292 368 474 394 Germanicae.
499 370 562 396 ibid.
586 371 611 395 b.
631 385 663 390 —
699 371 765 397 Car-

131 421 192 438 men
210 411 395 437 Germanicum
415 412 447 436 ad
466 412 585 437 Mariam.
607 412 648 438 35.
667 412 766 439 CXIV.

131 462 156 479 c.
175 467 208 471 -
243 453 335 478 Oratio
353 454 461 486 pulchra
486 459 511 479 et
531 454 650 487 perutilis
672 456 704 480 ad
722 464 766 481 re-

131 495 309 530 colligendum
338 496 490 520 memoriam
516 500 694 528 peccatorum.
720 496 763 522 47.

131 538 226 564 CLIV.
239 538 311 562 h.—
336 539 377 563 De
391 543 492 571 septem
512 539 602 563 mundi
621 539 765 564 miraculis.

129 580 172 606 49.
193 579 301 605 CLXV.
323 580 348 605 b.
362 595 395 599 —
416 579 605 606 Ct.Turtnr.
619 594 652 598 —
678 581 765 606 Dubia

130 630 211 655 super
243 630 458 654 unumquemque
493 631 599 655 passum
631 623 766 656 evangeli-

130 671 205 689 orum
223 664 418 689 occurrentium
437 673 486 696 per
510 669 590 690 totam
618 667 766 700 quadrage-

129 706 220 731 simam
238 715 324 739 usque
343 708 374 732 ad
401 712 520 733 octavam
543 708 657 740 paschae
676 716 764 733 resur-

131 748 258 774 rectionis
300 749 409 774 domini.
452 750 493 775 52.
531 749 644 775 CLXX.
679 751 704 774 b.
733 764 764 767 —

129 791 219 817 Pauca
243 792 276 816 de
300 791 352 822 iis,
381 800 449 824 quae
475 800 490 816 a
521 792 629 816 domino
660 791 764 816 Abbate

130 833 258 858 Anselmo
275 834 320 858 vel
344 834 393 858 sub
417 840 450 858 eo
475 837 536 858 sunt
562 833 700 865 adquisita.
721 834 763 858 ⁵2.

129 874 270 900 CLXXII.
296 883 320 902 c.
347 890 382 894 ——
417 876 570 900 Tractatus:
613 875 678 900 Wie
704 884 763 900 man

129 917 249 942 studii-en
270 917 320 948 sol,
339 925 369 942 so
388 926 447 942 man
465 917 512 942 wil
532 918 635 952 gelehrt
654 919 764 943 werden

128 958 157 984 in
177 959 264 990 Geist‚
286 960 341 985 vnd
367 959 394 984 iu
415 961 507 984 Natur-
531 960 573 987 54.
599 959 763 987 CLXXVII.

130 1001 156 1026 b.
185 1013 217 1019 —
259 1002 380 1027 Gewisse
406 1003 492 1027 Proba
529 1003 584 1029 vnd
608 1004 705 1037 Regel,
737 1002 765 1027 in

130 1043 238 1069 Christo
256 1052 290 1068 zu
308 1045 440 1069 wandeln.
461 1045 524 1070 ibid.
544 1054 567 1072 c.
582 1059 616 1064 —
644 1046 699 1070 Das
719 1045 765 1070 der

130 1086 243 1111 Mensch
263 1086 338 1111 nicht
363 1088 430 1112 solle
449 1096 526 1113 essen
546 1096 607 1113 vom
626 1089 764 1113 vex-botte-

128 1137 189 1153 nein
209 1129 295 1153 bawm
315 1130 367 1154 den
383 1129 480 1155 bittern
493 1131 592 1156 Thodt.
612 1130 674 1155 ibid.
695 1131 764 1154 d.—

128 1170 172 1196 cf.
199 1171 343 1196 Genesis
376 1176 401 1196 et
434 1173 571 1198 Psalmi.
601 1187 636 1191 —
679 1173 765 1197 Reve-

128 1213 194 1238 latio
220 1213 355 1238 cuiusdam
384 1215 544 1247 Presbyteri.
574 1216 615 1240 59.
642 1214 763 1240 CXCIV.

129 1255 155 1281 d.
179 1270 213 1275 —
248 1256 343 1282 Sermo
372 1257 404 1281 de
431 1261 566 1282 contemtu
593 1256 691 1283 mnndi.
720 1258 762 1280 61.

129 1296 237 1324 CXCV.
260 1298 289 1322 ii.
314 1313 347 1317 —
391 1299 563 1332 Anonymum
588 1300 763 1333 fragmentum

129 1347 165 1365 ex
182 1341 306 1374 legendd.
327 1341 375 1366 SS.
396 1340 440 1374 [ad
458 1343 554 1367 VII-et
565 1340 613 1367 Vl.
630 1341 670 1366 Id.
688 1339 763 1373 Jun.]

128 1382 171 1409 62.
198 1382 307 1408 CXCV.
334 1381 358 1409 δ’,
390 1396 423 1401 -·
471 1385 613 1409 Tractatus
641 1384 675 1408 de
701 1387 763 1409 octo

128 1424 352 1457 turpitudinibus,
372 1433 436 1457 quas
459 1427 618 1459 quandoque
637 1426 764 1460 coniuga-

128 1467 166 1492 les
184 1467 272 1491 solent
290 1467 360 1492 inter
385 1476 414 1492 se
440 1468 540 1493 habere
571 1476 606 1493 ex
630 1469 762 1493 diabolico

128 1508 252 1533 instinctu
264 1513 412 1543 generatas.
432 1511 474 1537 67.
495 1509 576 1535 CCX.
600 1519 623 1535 e.
643 1525 677 1529 —
711 1510 762 1535 Hi-

129 1550 211 1575 storia
222 1559 277 1576 von
289 1551 377 1576 einem
386 1552 580 1584 Dorffpsarher.
592 1553 634 1578 71.
651 1551 760 1577 CCXX.

126 1602 170 1618 uu.
199 1597 224 1618 et
251 1601 299 1619 vv.
327 1607 361 1612 -
407 1594 467 1618 Duo
496 1593 612 1618 carmina
639 1594 762 1626 satyrica,

126 1635 240 1659 alterum
269 1635 303 1659 ad
335 1636 560 1667 catholicismnm,
591 1637 702 1660 alterum
730 1636 762 1660 ad

126 1676 369 1709 protestantismum
381 1678 552 1704 irridendum.
568 1680 610 1702 72.
624 1677 760 1704 CCXXII.

126 1719 146 1745 f.
167 1733 200 1737 —
235 1719 383 1752 Pasqnillus
402 1720 430 1745 in
455 1720 675 1745 catholicismum.
695 1720 761 1744 ibid.

126 1768 150 1795 g.
167 1776 199 1780 —
223 1760 336 1786 Carmen
351 1762 457 1795 aliquod
476 1762 672 1794 Germanicum,
691 1771 760 1788 saec.

126 1803 202 1829 XVI.
227 1804 420 1836 compositum:
456 1805 503 1829 Ich
524 1813 610 1830 armes
629 1805 762 1831 Fiirstlein

125 1845 188 1880 klag
206 1846 276 1871 mein
297 1846 362 1871 leidt
380 1851 430 1871 cet.
452 1847 496 1871 74.
515 1846 651 1872 CCXXII.
668 1856 708 1873 zz.
728 1863 761 1867 —

126 1887 169 1914 Cf.
198 1888 444 1914 Calvinismus.
471 1902 499 1908 —·
536 1889 676 1921 Anonymi
701 1897 761 1914 ora—

126 1930 213 1956 tiones
238 1938 286 1963 pro
311 1939 385 1967 sacra
408 1932 540 1957 concione
558 1932 663 1957 habitae
683 1941 762 1965 super

126 1972 274 2007 evangelia.
300 1975 342 1998 77.
368 1973 532 1999 CCXXXV.
554 1989 588 1993 —
625 1975 762 2007 Anonymi

125 2023 213 2040 sermo
233 2015 265 2040 de
285 2015 312 2039 S.
334 2016 440 2047 Spiritu.
462 2016 504 2042 84.
525 2016 672 2042 CCLXIX.
691 2025 715 2051 g.
728 2032 760 2036 —

127 2057 168 2083 cf.
194 2058 406 2082 Decretales
441 2058 613 2093 Gregorii
648 2059 699 2084 IX.
728 2074 761 2078 —

124 2100 282 2132 Exemplum
295 2100 433 2132 epistolae,
449 2109 499 2133 qua
512 2100 571 2133 quis
586 2101 618 2126 ab
634 2101 760 2134 episcopo

124 2147 302 2174 promovetur
325 2143 356 2166 ad
383 2141 554 2175 ἀναγνώστην
580 2141 760 2168 &fotiniam-ov

124 2186 169 2208 καὶ
180 2183 281 2209 τέλειον
294 2181 374 2217 ἱερέα.
387 2186 429 2211 89.
443 2184 675 2211 CCLXXXVHL
688 2186 716 2210 k.
727 2198 758 2204 -·

124 2227 221 2252 Preces
240 2226 402 2261 aegrotantis
429 2228 461 2252 ad
480 2227 612 2253 Christum
633 2228 758 2254 directae.

126 2270 167 2294 90.
191 2268 423 2295 CCLXXXVIII.
449 2278 484 2294 m.
513 2285 546 2290 ——
582 2269 758 2297 Observatio-

123 2318 172 2335 nes
197 2312 229 2336 ad
257 2311 462 2337 constitutiones
487 2313 644 2338 electorales
669 2313 758 2338 Saxo-

123 2352 205 2378 nicas.
227 2354 285 2378 100.
311 2353 515 2380 CCCXXXIV.
544 2363 567 2379 a.
594 2370 628 2374 —
662 2355 758 2380 Consi-

123 2394 188 2419 lium
207 2394 347 2420 iuridicum
360 2395 388 2420 in
400 2404 478 2421 causa
493 2398 605 2429 quadam
617 2397 755 2423 debitoria.

124 2437 184 2461 100.
203 2436 406 2463 CCCXXXIV.
427 2439 452 2463 d.
472 2453 506 2457 —
535 2439 635 2474 Antrag
655 2440 698 2464 fiir
711 2441 756 2464 des

124 2477 266 2511 Stifftstags
294 2478 465 2513 Proposition
495 2482 618 2514 gehatten
649 2491 689 2506 am
715 2482 755 2506 24.

122 2520 194 2545 Nov.
218 2521 295 2547 1663.
321 2523 379 2547 105.
405 2522 528 2548 CCCXL.
555 2532 581 2557 g.
606 2538 639 2543 —
673 2525 756 2549 11731·-

124 2570 196 2596 nung
213 2570 246 2587 an
265 2563 316 2588 alle
334 2572 365 2589 so
383 2566 497 2590 unreclit
517 2566 580 2597 eydt
605 2566 755 2597 schweren,

123 2605 179 2629 vnd
197 2613 267 2630 wass
286 2606 332 2630 das
358 2598 503 2632 ¹auss'tieben
531 2608 578 2632 der
602 2608 686 2641 finger
708 2608 755 2633 be-

123 2646 204 2671 deutt.
223 2648 281 2672 109.
297 2646 432 2673 CCCLVI.
452 2643 479 2673 fs
493 2662 525 2667 —
561 2651 602 2674 De
624 2650 755 2682 primariis

123 2687 247 2719 precibus
266 2688 418 2720 imperatori
431 2699 445 2715 a
459 2699 523 2722 papa
536 2692 680 2717 concessis.
696 2694 753 2716 121.

124 2728 329 2756 CCCLXXVII.
349 2739 385 2757 rr.
403 2745 434 2750 -—
471 2732 609 2759 Novitates
628 2741 662 2758 ex
682 2733 754 2759 curia

1139 196 1177 223 111

857 287 1025 321 imperatoris
1044 288 1076 312 de
1100 287 1168 311 duce
1188 287 1357 320 Burgundiae
1385 291 1410 312 et
1440 285 1494 311 Co-

857 330 920 355 mite
939 329 1060 356 Palatino
1080 328 1172 354 Rheni.
1192 328 1255 354 ibid.
1271 338 1306 354 ss.
1324 343 1357 348 --
1392 330 1435 354 De
1454 329 1494 353 di-

857 371 984 397 versitate
1002 371 1120 402 viarum,
1139 371 1247 404 antique
1267 376 1292 396 et
1311 372 1448 402 moderna,
1466 371 1495 396 in

856 413 1003 440 Parisiensi
1023 413 1205 444 universitate.
1225 413 1288 438 ibid.
1308 418 1336 439 tt.
1354 427 1387 432 -
1421 414 1492 438 Lett-

857 464 901 481 res
919 464 933 480 a
949 456 1002 482 Mr.
1023 456 1048 480 Ie
1062 455 1156 481 Comte
1174 456 1206 480 de
1227 453 1285 471 Μ’*
1306 457 1363 482 128.
1382 454 1493 481 CCCCI.

858 498 878 522 f.
906 497 1044 530 Replique.
1075 497 1130 522 ibid
1165 505 1189 531 g.
1216 511 1250 515 -
1285 497 1403 522 Historia
1433 497 1496 522 belli

860 539 966 565 Gothici
1000 547 1014 564 a
1040 539 1190 565 Justiniano
1214 549 1261 573 per
1290 539 1445 564 Belisarium
1470 543 1497 564 et

860 582 996 606 Narsetem
1009 581 1036 605 in
1049 582 1122 606 ltalia
1133 582 1209 615 gesti.
1226 584 1283 607 132.
1297 581 1497 608 CCCCXVnt.

858 632 881 649 a.
900 638 934 643 —
969 623 1087 648 Historia
1108 625 1238 649 bellorum
1263 624 1332 649 inter
1351 623 1498 648 Athenien-

860 674 903 690 ses
941 669 967 690 et
995 666 1220 691 Lacedaemonios
1253 670 1278 691 et
1305 667 1496 690 Thebanorum

860 715 936 732 casus
954 715 1039 739 usque
1059 709 1090 732 ad
1103 708 1325 740 Epaminondam.
1346 708 1409 732 ibid.
1429 708 1496 733 b.—

858 748 938 774 Yaria
963 749 1077 774 carmina
1101 750 1259 774 Germanica
1279 750 1397 781 minora,
1425 758 1498 775 ama-

857 791 926 816 toria
945 796 971 816 et
990 793 1109 817 moralia.
1130 792 1187 817 134.
1208 791 1378 817 CCCCXXI.
1399 793 1419 818 f.

892 834 964 858 Not.
1002 833 1146 858 Caetera
1167 842 1332 867 anonyma
1352 835 1412 859 sub
1431 835 1496 867 pri-

857 876 964 900 mario
984 875 1101 907 tituli,
1121 884 1185 908 quo
1206 877 1384 908 inscripta
1405 882 1493 907 sunt,

857 918 1041 943 vocabulo
1067 917 1101 942 in
1127 919 1194 943 hoc
1221 919 1340 944 indice
1365 925 1492 946 notata

856 960 1099 986 inveniuntur.

824 1002 872 1027 An
882 1003 980 1028 selmi
1000 1002 1084 1027 oratio
1098 1003 1130 1027 ad
1145 1003 1330 1037 Augustinum.
1343 1003 1385 1029 47.
1397 1003 1492 1029 CLIV.

858 1052 884 1079 g.
910 1058 941 1064 —
984 1045 1066 1070 Liber
1095 1045 1128 1070 de
1157 1050 1290 1078 conceptu
1315 1046 1441 1080 virginali
1468 1051 1495 1072 et

860 1091 970 1119 peccato
991 1087 1124 1121 originali.
1143 1090 1183 1113 52.
1208 1087 1336 1113 CLXXI.
1356 1098 1379 1113 a.

824 1128 1017 1155 Anselmus
1063 1130 1144 1155 abbas
1184 1130 1394 1156 Gemblacensis.
1432 1130 1493 1157 Vid.

859 1172 1126 1197 Gemblacensis
1150 1173 1314 1198 ecclesia.
1341 1187 1371 1192 —
1409 1175 1494 1199 Pauca

858 1214 890 1238 de
916 1213 963 1245 iis,
991 1223 1059 1246 quae
1079 1223 1092 1239 a
1111 1215 1220 1239 domino
1246 1216 1339 1241 abbate
1365 1216 1493 1242 Anselmo

857 1256 902 1281 vel
921 1256 969 1280 sub
988 1263 1021 1281 eo
1042 1261 1102 1281 sunt
1119 1257 1258 1289 adquisita.
1271 1260 1312 1284 52.
1324 1258 1458 1284 CLXXII.
1469 1268 1492 1285 c.

825 1296 1053 1332 Anthologia
1083 1300 1292 1325 Graecorum
1327 1301 1494 1335 epigram-

858 1344 993 1364 matum.
1028 1340 1054 1365 4.
1087 1341 1132 1365 IV.
1166 1341 1208 1367 Cf.
1243 1343 1420 1376 Excerpta
1450 1353 1492 1369 ex

856 1381 955 1406 Anth.
980 1383 1100 1408 Graec.

823 1421 1068 1458 Anthologiae
1086 1424 1288 1451 Planndeae
1305 1427 1386 1451 editio
1399 1426 1481 1460 prim-i

855 1466 941 1491 Praef.
966 1466 1041 1492 VIII.
1071 1467 1121 1492 111.

821 1506 1085 1533 Antichristus.
1104 1508 1166 1536 Vid.
1188 1508 1365 1536 Albertus.

820 1547 970 1581 Antiqui
996 1551 1206 1585 chronologi
1226 1557 1353 1584 quatuor,
1378 1553 1491 1578 Herem-

855 1595 945 1623 pertus
970 1592 1177 1627 Langobardus,
1211 1594 1301 1626 Lupus
1328 1595 1491 1626 Protospata‚

856 1633 1016 1666 Anonymus
1037 1635 1217 1666 Cassinensis,
1243 1637 1324 1661 Falco
1349 1637 1492 1662 Beneven-

854 1680 946 1708 tanus,
985 1685 1066 1710 opera
1096 1677 1248 1703 Antonii
1277 1679 1490 1711 caraccioli,

855 1719 939 1751 Neap.
968 1720 1044 1745 1626.
1072 1728 1131 1745 cum
1163 1721 1232 1746 notis
1264 1721 1345 1749 MSS.
1382 1722 1491 1747 Godo-

854 1761 949 1786 fredi
968 1762 1119 1787 Goetzii.
1140 1764 1180 1787 28.
1201 1763 1300 1789 XCIII.

819 1802 1076 1836 Antiquitates
1113 1806 1389 1834 Germanicae.
1425 1806 1487 1832 Vid.

856 1846 968 1870 Germ.
994 1848 1101 1880 antiq.

820 1887 844 1913 A
855 1889 974 1913 ntonia
985 1898 999 1914 e
1015 1890 1136 1916 ducissae
1154 1891 1353 1925 Yl‘iirtemberg.
1368 1890 1488 1923 epistola.

857 1932 914 1957 189.
933 1931 1012 1957 DCC.
1033 1932 1075 1958 42.

821 1973 970 1999 Antonii
998 1975 1225 2000 Panormitae
1244 1975 1490 2008 Hermaphroditus.

856 2017 916 2040 216.
944 2016 1114 2042 DCCCLIX.
1143 2026 1167 2042 a.
1196 2031 1228 2035 -
1273 2017 1335 2042 Alia
1362 2017 1488 2050 carmina,

853 2059 916 2084 ibid.
936 2060 961 2084 b.
983 2069 1008 2084 ιι.
1029 2062 1056 2093 β.
1079 2058 1168 2089 δ-ζ.

818 2101 966 2126 Antonii
985 2102 1099 2127 Ulrici
1115 2101 1188 2127 ducis
1204 2101 1345 2128 Brunsvic.
1365 2101 1487 2135 epistola.

854 2145 912 2169 189.
931 2144 1011 2170 DCC.
1033 2146 1074 2170 32.

819 2185 991 2211 Antonini
1010 2186 1064 2212 vita
1085 2191 1111 2212 et
1129 2185 1226 2219 passio.
1247 2186 1290 2211 62.
1310 2185 1419 2212 CXCV.
1441 2195 1467 2210 α.

818 2228 1000 2253 Antonius
1038 2228 1211 2255 Cenadiensis
1248 2228 1398 2261 episcopus.
1426 2229 1486 2254 239.

850 2269 942 2295 xvu.
1280 2263 1287 2268 ”

817 2312 999 2347 Antragen
1026 2313 1124 2346 Kays.
1157 2313 1232 2344 Maj-
1263 2312 1315 2337 den
1345 2312 1487 2347 Reichstag

853 2355 1037 2388 belangende,
1055 2363 1147 2381 mense
1166 2355 1310 2387 Januario,
1341 2354 1415 2381 1548.
1442 2357 1485 2381 72.

852 2395 993 2421 CCXXII.
1012 2404 1036 2421 e.

813 2438 987 2471 Ἀᾳορισμὸς.
1009 2438 1072 2465 Vid.
1088 2437 1165 2472 Ὄρος
1183 2440 1243 2472 περὶ
1264 2436 1430 2472 ἀφορισμοῦ.

816 2480 1018 2513 Aphthonii
1037 2485 1274 2516 progymnasmata.
1292 2481 1317 2506 8.
1335 2479 1438 2505 XXIII.
1457 2488 1482 2505 a.

816 2522 1105 2556 Apian11s[I‘etr.]
1134 2523 1189 2549 vid.
1218 2522 1482 2555 Inscriptiones

848 2570 1024 2591 vetustae.

814 2607 1040 2639 Apollinaris
1063 2607 1178 2640 [Sidon]
1190 2608 1330 2641 Epistolar.
1349 2610 1413 2636 libb.
1432 2611 1481 2635 IX.

848 2655 874 2675 et
890 2650 1045 2684 panegyrici
1063 2649 1208 2676 Anthemio
1230 2652 1351 2686 Augusto
1370 2657 1395 2678 et
1413 2653 1481 2679 Cae-

849 2693 900 2717 sari
929 2692 1079 2717 Maioriano
1103 2693 1175 2719 dicti.
1201 2694 1242 2720 28.
1271 2694 1370 2721 XCIV.
1400 2703 1421 2719 a.
1448 2708 1478 2713 -

851 2734 893 2760 Cf.
913 2734 1158 2761 Cassiodorus.

1553 286 1866 319 Apophthegmata
1894 283 2042 309 Arsenii.
2077 283 2134 308 Vid.
2159 282 2215 308 Ar-

1585 338 1597 354 s
1607 337 1621 354 e
1632 338 1656 353 n.

1552 369 1738 404 Apostolii
1757 368 1927 402 paroemiae,
1948 368 2033 402 Lugd.
2060 368 2117 392 But.
2145 367 2219 393 1619.

1566 435 1568 438 .
1588 411 1706 446 [Etzev]
1728 420 1787 437 cum
1809 412 1878 437 notis
1897 420 1975 436 manu
1999 411 2102 443 scriptis
2123 410 2222 435 Goet-

1586 455 1642 480 zii.
1666 457 1706 479 11.
1725 453 1833 480 XXXI.

1555 497 1809 529 Apostolorum
1834 496 1926 528 [Petri.
1947 496 2035 526 Pauli,
2055 493 2150 520 ,iacobi
2170 493 2224 518 fra-

1589 541 1636 566 tris
1660 540 1773 570 Christi,
1798 539 1931 570 Philippi,
1958 538 2098 567 Andreae,
2130 534 2223 560 Jacobi

1588 583 1677 608 fratris
1696 581 1836 611 JohnnniS,
1854 579 1993 610 sona-mis,
2012 577 2223 608 Bartholomaei]

1589 626 1735 660 legenda
1754 628 1784 649 et
1805 623 1935 656 passim
1955 622 1995 647 59.
2021 620 2142 646 CXCIII.
2162 620 2182 646 s.

1555 669 1579 693 A
1591 677 1606 701 p
1618 677 1633 701 p
1643 669 1675 693 el
1687 668 1694 692 i
1706 668 1715 692 i
1744 664 1840 698 [Nic.]
1869 664 2000 688 annalium
2025 662 2224 689 Gubenensium

1588 711 1774 744 fragmentum.
1794 709 1851 733 163.
1867 706 1992 732 DXCVI.
2012 714 2034 730 c.

1554 752 1735 785 Appianus
1763 749 2048 780 Alexandrinus,
2081 747 2224 780 interprete

1589 795 1616 819 P.
1639 794 1768 820 Candido.
1787 794 1812 818 8.
1831 791 1894 818 XV-

1555 836 1750 869 Aptsdorff.
1775 836 1834 859 261.
1853 835 1909 858 LII.

1554 880 1672 912 Aquae
1687 876 1921 903 benedictio.
1942 872 2223 901 Vid.Benedictio

1585 929 1649 953 aqu
1658 929 1671 945 a
1682 929 1706 946 e.

1551 962 1733 996 Aquensis
1754 966 1904 988 senatus.
1928 961 1988 986 265.
2009 960 2093 984 LXII.

1553 1005 1692 1038 Aquila.
1711 1005 1753 1030 46.
1775 1005 1899 1030 CXLIX.
1919 1012 1942 1028 a.

1553 1048 1704 1081 Aquilae
1725 1046 1826 1080 [Casp.]
1848 1046 1959 1079 epistola
1979 1045 2010 1069 ad
2030 1043 2096 1068 Phil.
2115 1042 2220 1067 Melan-

1586 1092 1746 1119 chthonem.
1774 1090 1802 1115 in
1828 1097 1921 1114 caussa
1947 1087 2078 1113 formulae
2103 1084 2221 1110 Interim.

1586 1135 1629 1159 73.
1647 1133 1780 1159 CCXXII.
1797 1141 1824 1158 u.

1553 1175 1699 1200 Arabica
1727 1183 1792 1199 arS.
1837 1174 1894 1198 Der
1921 1172 2026 1198 Araber
2055 1172 2138 1195 Kunst
2164 1169 2221 1195 sich

1586 1218 1654 1242 feste
1680 1225 1714 1241 zu
1738 1217 1858 1241 macheu.
1884 1217 1941 1240 201.
1968 1212 2170 1240 DCCCXXIV.
2196 1216 2221 1237 et

1585 1258 1776 1285 DCCCXXX.

1552 1301 1665 1327 Arbor
1695 1299 2024 1335 consanguinitatis.
2083 1298 2219 1331 Quaedam

1585 1344 1618 1369 de
1638 1344 1733 1369 arbore
1754 1342 1999 1377 consanguinitatis.
2020 1341 2060 1366 54.
2083 1339 2217 1365 CLXXV.

1585 1394 1612 1410 n.
1639 1400 1673 1405 —-
1717 1386 1777 1412 Vid.
1807 1386 1981 1410 Andreae.
2012 1398 2044 1403 -
2084 1381 2219 1414 Anonymi

1585 1428 1686 1453 lectura
1707 1435 1786 1460 super
1800 1427 1895 1452 arbore
1914 1424 2157 1459 consanguinitatis.
2177 1424 2219 1450 82.

1586 1469 1674 1496 CCLI.
1701 1478 1725 1498 e,
1749 1484 1781 1489 —
1828 1469 1982 1494 Declaratio
2011 1476 2091 1500 super
2116 1467 2218 1492 eadem.

1584 1513 1627 1538 85.
1647 1511 1829 1537 CCLXXVII.
1844 1512 1869 1536 b.
1881 1525 1910 1529 —
1944 1511 1986 1536 Cf.
2000 1511 2042 1537 94.
2062 1509 2177 1535 eccui.
2190 1510 2218 1534 h.

1551 1553 1717 1579 Aretinns
1738 1553 1780 1586 [C.
1797 1554 1945 1585 Marsupp]
1965 1556 2008 1577 21.
2030 1550 2114 1578 LXV.

1550 1596 1727 1622 Aretinns
1748 1594 1905 1628 [Leonard.]
1928 1595 1991 1620 Vid.
2011 1593 2217 1620 Boccncius.

1584 1653 1618 1658 -—
1645 1639 1813 1663 Prooemium
1847 1637 1872 1662 in
1909 1637 2054 1662 Phalaridis
2084 1637 2217 1670 epistolam

1584 1681 1644 1706 204.
1663 1680 1863 1707 DCCCXLVI.
1890 1689 1916 1704 n.
1942 1694 1973 1699 —
2009 1679 2106 1705 Versio
2126 1679 2218 1704 Latina

1586 1723 1713 1748 historiae
1748 1722 1873 1748 Boccacii
1906 1723 1939 1747 de
1970 1721 2120 1747 Tancredo.
2156 1720 2216 1746 204.

1583 1765 1778 1791 DCCCXLVI.
1809 1773 1833 1799 g.
1862 1769 1888 1790 et
1923 1774 1941 1790 s.
1973 1779 2005 1784 —-
2047 1763 2088 1790 Cf.
2118 1763 2215 1788 Basi-

1582 1808 1657 1832 lius.
1682 1822 1709 1826 —
1748 1808 1790 1833 Ad
1813 1807 1950 1833 Colucium
1979 1807 2131 1832 Salutamm.
2155 1806 2215 1833 205.

1581 1849 1792 1876 DCCCXLVII.
1811 1858 1834 1875 c.

1548 1892 1704 1918 Arevalo
1730 1891 1874 1924 [Roderici
1893 1890 1981 1916 Sancii
2001 1891 2052 1923 de]
2079 1892 2215 1923 speculum

1582 1936 1714 1960 humanae
1732 1935 1811 1960 vitae.
1831 1935 1874 1959 67.
1895 1933 1976 1959 CCX.
1997 1934 2020 1958 b.

1548 1977 1749 2011 Argenteus
1780 1978 1902 2003 codex.
1952 1976 2014 2002 Vid.
2051 1976 2215 2001 Wachter

1581 2019 1642 2052 [Jo.
1662 2020 1748 2050 Geo]

1547 2069 1824 2105 Argentinensis
1844 2068 2058 2102 respublica.
2095 2068 2137 2092 De
2157 2066 2213 2092 eius

1579 2112 1710 2146 regimine
1742 2112 1810 2137 liber
1839 2111 1965 2145 anonymi
1996 2109 2121 2136 auctoris.
2151 2110 2210 2135 161.

1578 2153 1741 2181 DLXXIX.

1545 2205 1723 2230 Aristidis
1743 2205 1776 2230 de
1796 2204 1895 2229 musica
1914 2203 1983 2228 libri.
2012 2205 2037 2230 9.
2056 2204 2147 2229 XXV.
2166 2211 2191 2237 g.

1544 2255 1760 2281 Aristotelis
1797 2254 1928 2287 analytica
1961 2255 2059 2286 priora.
2091 2253 2115 2278 4.
2147 2254 2211 2279 vn.

1579 2306 1603 2323 a.
1623 2312 1650 2317 -
1691 2299 1831 2322 Tractatns
1855 2298 1887 2322 de
1904 2297 2034 2331 regimine
2052 2295 2209 2329 principum,

1578 2340 1680 2365 Latine.
1700 2340 1741 2365 26.
1760 2340 1931 2365 LXXXVII.
1949 2340 1973 2364 b.
1993 2352 2026 2358 —
2061 2339 2103 2363 De
2116 2345 2209 2362 somno

1578 2386 1604 2407 et
1623 2382 1722 2416 vigilia,
1742 2382 1843 2407 Latine.
1866 2382 1928 2407 ibid.
1954 2389 1978 2406 c.
2003 2395 2037 2400 —
2073 2380 2210 2414 Quaedam

1577 2432 1613 2449 ex
1633 2424 1668 2449 11.
1687 2425 1731 2449 lib.
1753 2425 1889 2457 Physicor.
1908 2423 2010 2450 Latine.
2035 2422 2099 2448 ibid.
2125 2430 2148 2456 g·
2175 2435 2207 2441 -

1575 2466 1617 2491 Cf.
1637 2466 1700 2491 ibid.
1720 2467 1747 2490 k.
1768 2479 1800 2484 -
1835 2466 1948 2491 Moralia
1963 2465 1990 2490 in
2010 2464 2139 2498 regimIne
2158 2464 2207 2489 do-

1574 2509 1717 2540 minorum,
1737 2517 1750 2533 a
1769 2509 1889 2541 Philippo
1907 2507 2014 2533 Clerico
2038 2515 2073 2533 ex
2092 2506 2208 2532 Arabico

1574 2552 1707 2576 translata.
1730 2553 1790 2576 203.
1818 2551 2022 2578 DCCCXLVI.
2041 2558 2065 2575 c.

1539 2601 1561 2625 A
1575 2609 1589 2625 r
1600 2601 1607 2625 i
1619 2609 1631 2625 s
1644 2605 1652 2625 t
1664 2608 1680 2625 o
1694 2610 1711 2626 x
1725 2610 1739 2626 e
1749 2601 1788 2626 ni
1816 2602 1954 2626 Elementa
1987 2600 2148 2626 harmonica.
2180 2600 2204 2625 9.

1571 2642 1674 2669 XXIV.
1695 2644 1719 2668 b.
1743 2649 1769 2669 et
1787 2643 1879 2670 XXV-
1904 2652 1927 2668 c.

1539 2694 1692 2719 Arnobii
1724 2697 1930 2720 commentarius
1961 2695 1988 2720 in
2010 2696 2133 2728 psalmos.
2159 2692 2202 2717 44.

1572 2735 1668 2762 CXLI.

1620 2778 1666 2803 A.
