2482 3068
1119 186 1208 222 417

104 307 189 336 mille
221 303 480 335 benedictionibus
509 298 742 330 Mu‘hammedis
774 307 873 330 utatur
909 301 961 339 qui
992 310 1062 329 eum
1093 311 1145 338 per

104 358 246 378 somnum
262 347 363 376 videre
379 346 470 374 volet.
516 342 581 373 Fol.
599 347 657 373 102
672 354 702 372 v.
719 344 749 372 in
766 353 858 381 marg.
874 344 1021 371 institutio
1038 353 1075 371 ex
1090 341 1145 370 El-

107 388 246 420 Ghazatii
266 386 585 418 Mischkiit-el-enwar
601 392 739 424 excerpta
750 408 758 422 ,
781 386 872 414 trium
888 391 917 413 et
932 386 1055 423 triginta
1072 385 1146 412 alio-

106 443 173 461 rum
194 433 338 460 librorum
361 430 535 457 auctoritate
560 429 649 465 nixa,
675 427 713 455 de
736 428 872 466 precibus
896 433 924 455 et
948 427 1145 462 caerimoniis,

107 483 234 514 quarum
251 472 396 500 beneficio
414 469 497 499 Deus
515 471 569 499 tibi
589 480 642 508 per
657 479 798 498 somnum
817 468 944 502 indicet,
968 479 1041 496 num
1065 467 1144 507 quod

106 517 220 544 bonum
240 518 452 542 consecuturus
474 513 528 546 sis,
560 522 666 540 necne.
710 509 774 539 Fol.
801 513 859 539 125
875 521 901 539 v.
924 511 955 539 in
978 519 1072 548 marg.
1096 511 1145 537 iu-

107 558 221 587 vocatio
237 553 298 584 Dei
324 566 338 583 a
359 553 476 583 Dar-ide
499 554 624 590 tradita,
649 553 784 593 quotidie
804 553 947 590 nonagies
969 551 1144 590 repetenda,

106 609 164 639 qua
178 598 343 626 multarum
360 607 459 625 rerum
474 596 659 625 occultarum
672 595 828 623 scientiam
844 594 1024 633 adipiscaris.
1057 590 1145 621 Mul-

105 647 154 669 tae
168 646 238 669 sunt
252 640 435 678 precationes
451 639 558 678 quibus
571 647 768 677 quaecunque
784 637 859 665 velis
874 646 890 664 a
905 634 971 664 Deo
993 637 1144 674 impetres.

105 680 172 712 Fol.
198 682 237 710 46
262 691 291 710 v.
322 682 354 709 in
375 690 470 719 marg.
522 681 556 708 Si
577 680 640 718 quis
665 678 741 707 lianc
766 679 963 718 precationem
995 675 1145 715 cujuslibet

107 724 202 764 optati
218 734 307 753 causa
324 722 558 762 quadringenties
574 728 600 749 et
623 719 800 760 quadragies
816 719 966 755 recitabit,
990 720 1050 757 ejus
1065 729 1145 747 com-

103 777 159 806 pos
177 766 246 806 siet.
298 763 457 793 Probatum
485 771 536 793 est.
584 761 765 802 Appellatur
793 761 866 790 hacc
891 762 1023 800 precatio
1053 759 1146 801 Seifi-

107 806 198 845 exule,
229 808 312 835 ensis'
327 808 462 846 optimus.
514 804 658 842 Ejusdem
680 815 748 833 usus
770 809 839 832 sunt
861 803 936 831 duae
959 803 1145 841 precationes

108 856 228 878 auctore
244 845 508 877 Ma‘rfifi-Karchi
524 848 577 877 fol.
595 849 633 875 82
650 858 674 875 r.
695 848 726 874 in
744 855 838 883 marg.
866 851 894 873 et
916 848 955 874 99
970 855 999 873 v.
1022 844 1144 879 ibidem,

107 891 185 921 duae
202 893 278 920 aliae
292 891 344 919 fol.
361 893 400 919 86
411 901 436 918 v.
453 896 482 918 et
498 892 537 919 87
552 900 593 923 r.‚
617 890 675 916 alia
691 898 706 915 a
722 886 867 926 Muqatil,
890 887 1029 925 theologo
1043 887 1146 925 magni

107 935 255 968 nominis,
279 933 402 971 repetita
415 931 468 961 fol.
484 934 523 961 87
538 942 562 960 1·.
579 932 611 959 in
624 940 737 968 marg.,
761 931 836 958 aliae
851 930 901 958 fol.
918 932 954 958 91
969 940 1009 963 1·.,
1035 932 1094 958 100
1108 939 1144 964 r.‚

108 976 168 1004 104
191 986 238 1011 v.,
272 978 330 1003 108
355 985 400 1009 v.‚
433 976 491 1002 123
518 984 546 1001 v.
575 971 684 1011 (repet.
706 972 761 1000 fol.
787 974 843 1000 201
867 982 889 999 r.
906 971 975 1009 *)),
1011 971 1071 999 124
1094 981 1144 1006 τη,

108 1019 168 1046 135
191 1028 219 1045 v.
250 1015 321 1054 (ubi
345 1016 420 1045 duae
442 1016 624 1054 precationes
645 1019 732 1048 sunt,
766 1023 893 1053 quarum
918 1013 1062 1052 posterior
1090 1013 1144 1041 fol.

110 1059 169 1088 146
192 1069 221 1087 V.
248 1060 402 1096 inwnarg.
427 1059 553 1096 repetita
582 1054 664 1094 est),
698 1056 753 1084 141
782 1067 825 1092 r.‚
861 1056 919 1084 142
943 1066 984 1090 r.‚
1017 1054 1077 1083 144
1097 1065 1145 1090 v.‚

109 1100 169 1130 146
185 1111 231 1136 v.‚
257 1103 318 1129 208
334 1111 362 1129 v.
376 1122 384 1136 ,
408 1110 511 1128 omnes
532 1100 564 1126 in
587 1100 740 1136 margine,
763 1103 879 1136 praeter
902 1107 969 1125 eam
991 1107 1068 1136 quae
1091 1097 1144 1124 fol.

111 1143 169 1171 142
196 1154 218 1170 r.
243 1148 296 1171 est.
348 1140 456 1180 Longa
485 1151 609 1179 precum
637 1146 666 1168 et
689 1140 938 1168 caerimoniarum
969 1140 1077 1167 naenia
1107 1138 1144 1166 ad

107 1183 240 1213 eundem
256 1194 346 1212 usum
358 1185 538 1223 praecipitur
554 1184 606 1211 fol.
624 1184 681 1210 138
696 1193 717 1210 r.
736 1182 767 1209 in
784 1191 875 1219 marg.
920 1179 1052 1218 Magiam
1070 1181 1146 1219 sapit

108 1225 190 1266 quod
207 1225 461 1255 Kemal-el-din
479 1222 680 1262 Seng'ziwendi
697 1224 750 1251 fol.
769 1226 808 1252 93
825 1234 852 1250 v.
875 1222 1086 1251 commendat:
1112 1220 1147 1250 Si

109 1269 175 1308 quis
203 1267 316 1307 aliquid
342 1266 429 1295 valde
456 1273 587 1305 expetet,
627 1264 778 1293 bes-melam
802 1271 828 1292 et
850 1260 1025 1303 ‘haulaqam
1053 1263 1146 1292 tribus

108 1309 222 1338 schedis
237 1317 286 1338 aut
303 1308 387 1345 foliis
405 1309 561 1347 inscriptas
579 1309 608 1336 in
624 1318 729 1346 aquam
737 1307 878 1347 fluentem
898 1306 1036 1342 abjiciat,
1061 1304 1150 1334 simul

108 1363 195 1391 super
215 1345 333 1390 singula
352 1358 484 1379 suratam
503 1351 632 1389 primam
649 1356 674 1376 el
692 1347 867 1377 versiculum
887 1346 956 1376 solii
978 1346 1067 1384 (Sur.
1083 1351 1102 1376 2
1116 1358 1145 1376 v.

109 1391 191 1432 256)
213 1395 351 1422 recitans.
398 1391 511 1430 Quodsi
530 1403 585 1420 non
602 1392 631 1419 in
649 1389 748 1418 eadem
763 1391 925 1429 septimana
946 1389 1008 1418 voti
1028 1400 1146 1427 compos

105 1433 209 1475 factus
226 1435 346 1476 fuerit,
377 1433 424 1462 die
455 1433 674 1461 resurrectionis
694 1433 771 1459 sinui
792 1442 854 1459 meo
875 1442 990 1458 manum
1020 1431 1145 1469 injiciat.

108 1476 214 1506 Fidem
237 1481 392 1505 conservat
416 1476 546 1513 precatio
568 1475 619 1503 sol.
645 1476 681 1502 91
699 1484 721 1501 r.
748 1475 779 1500 in
804 1483 916 1511 marg,
944 1482 1035 1511 quam
1057 1471 1147 1500 Aba-

105 1515 248 1553 ‘Hanife,
280 1518 331 1558 qui
356 1515 458 1545 Deum
484 1517 650 1555 septuagies
678 1526 730 1553 per
759 1525 898 1543 somnum
925 1514 1017 1548 vidit,
1051 1524 1145 1553 quum

109 1561 195 1589 toties
218 1570 288 1588 eum
310 1564 440 1598 rogasset
463 1569 521 1596 qua
544 1563 606 1586 arte
635 1557 706 1585 fides
728 1562 970 1590 conservaretur,
1001 1557 1087 1584 toties
1111 1556 1146 1583 ab

109 1613 145 1630 eo
161 1602 273 1641 accepit
290 1607 335 1630 ter
357 1602 389 1629 in
411 1606 473 1629 tota
490 1606 586 1627 aetate
601 1598 804 1634 recitandam3
829 1599 860 1626 it.
883 1597 957 1625 duae
972 1598 1046 1625 aliae
1057 1619 1066 1631 ,
1091 1597 1145 1625 fol.

112 1645 170 1673 148
184 1654 213 1672 v.
230 1643 355 1682 (eadem
370 1643 401 1669 in
414 1643 473 1669 fine
488 1642 606 1669 brevior
622 1641 674 1668 fol.
692 1643 751 1668 293
766 1651 788 1668 r.
805 1640 836 1667 in
852 1637 968 1677 marg.)
995 1645 1024 1667 et
1041 1641 1102 1667 297
1120 1649 1145 1667 r.

107 1687 140 1715 in
155 1695 248 1723 marg.
292 1683 498 1713 Praemiorum
516 1683 686 1711 divinorum
703 1681 860 1719 largissimi
881 1682 977 1709 sontes
994 1686 1064 1709 sunt
1078 1691 1147 1718 pre-

111 1728 241 1756 cationes
258 1726 309 1754 fol.
325 1726 364 1753 46
380 1736 404 1752 r.
423 1726 453 1752 in
471 1735 579 1762 marg,
602 1725 654 1752 fol.
671 1724 709 1751 46
728 1734 758 1751 v,
777 1729 806 1752 et
823 1726 863 1752 47
877 1734 899 1751 r.
917 1724 947 1750 iu
963 1733 1055 1760 marg.
1088 1721 1146 1752 Se-

111 1768 227 1798 cundae
243 1778 260 1796 a
272 1766 423 1796 Sulthano
438 1763 597 1794 Ma‘hmfid
613 1764 792 1803 Sebuktigin
808 1766 952 1804 repetitae
968 1765 1145 1802 inscriptum

112 1817 172 1840 est:
204 1809 372 1848 Quicunque
394 1809 541 1847 egregiam
565 1807 640 1836 hanc
662 1808 880 1847 precationem,
911 1819 967 1846 qua
987 1805 1146 1846 prophetae

113 1858 213 1882 nostro
237 1850 431 1883 benedicitur,
451 1849 539 1878 semel
557 1848 676 1888 legerit,
703 1848 801 1877 endem
815 1850 948 1888 praemia
965 1849 1089 1886 accipiet
1111 1860 1147 1877 ac

113 1895 140 1923 si
161 1892 311 1922 duodecies
332 1891 438 1921 millies
462 1893 488 1920 ei
516 1890 710 1920 benedixerit.
763 1890 898 1920 Tertiae:
932 1889 1069 1918 Precatio
1090 1902 1152 1929 qua,

110 1935 270 1976 prophetae
285 1941 383 1963 nostro
401 1933 594 1968 benedicitur,
618 1945 703 1973 quam
721 1934 770 1972 qui
784 1932 874 1961 semel
889 1933 1072 1968 recitaverit,
1097 1944 1147 1960 ea-

197 1978 330 2017 praemia
352 1977 475 2015 accipiet
497 1987 532 2004 ac
555 1977 582 2004 si
605 1974 711 2003 millies
736 1977 762 2003 ei
791 1974 990 2010 benedixerit,
1021 1976 1071 2014 qui
1093 1973 1146 2008 bis,

113 2018 212 2049 eadem
233 2030 270 2047 ac
289 2020 317 2047 si
336 2017 430 2047 decies
448 2016 554 2046 millies
575 2016 690 2046 millies.
735 2016 822 2045 Bona
837 2023 866 2046 et
882 2016 968 2053 hujus
985 2022 1013 2045 et
1027 2017 1147 2044 alterius

112 2062 195 2091 vitae
224 2061 276 2101 qui
303 2071 357 2089 sex
383 2067 538 2099 septemve
561 2061 690 2088 verbulis
712 2059 859 2087 redimere
885 2060 983 2090 volet.
1014 2064 1147 2096 paratam

113 2103 205 2133 habet
228 2104 480 2144 precatiunculam
505 2113 543 2130 ex
564 2101 698 2150 bke-²5²³
722 2106 893 2140 excerptam
915 2101 966 2129 fol.
983 2103 1042 2129 100
1057 2111 1088 2129 v.
1114 2101 1145 2128 in

113 2164 227 2193 marg.;
255 2163 346 2192 quem
367 2163 437 2181 vero
461 2157 544 2180 tanto
564 2153 697 2190 praemio
717 2152 867 2190 proposito
889 2151 1017 2189 plusculi
1040 2160 1146 2189 operae

114 2206 176 2224 non
199 2196 327 2234 pigebit,
351 2197 374 2223 is
395 2195 481 2223 adeat
503 2196 703 2232 precationem
728 2194 961 2228 incolumitatis,
986 2191 1056 2231 ιίέᾲξ
1072 2191 1148 2234 ςῖεὸ,

116 2246 170 2275 fol.
189 2248 248 2274 127
263 2256 287 2274 r.
312 2246 341 2273 in
358 2255 450 2283 marg.
496 2243 600 2273 Restat
615 2249 734 2282 tempus
749 2254 855 2282 auceps
874 2244 952 2270 iuter
965 2243 1149 2281 sepulturam

117 2293 147 2316 et
163 2280 426 2323 resurrectionein,
452 2289 534 2323 cujus
551 2287 576 2315 si
596 2287 762 2314 vastitatem
787 2296 819 2314 ac
839 2284 1031 2313 solitudinem
1051 2286 1148 2321 times,

119 2330 163 2358 uti
177 2330 248 2357 licet
268 2331 455 2357 institutione
473 2330 525 2358 fol.
545 2329 600 2356 141
620 2339 649 2356 v.
672 2329 704 2355 in
725 2338 837 2365 marga:
866 2326 1002 2365 Quisquis
1016 2325 1150 2364 precibus

118 2371 287 2409 vespertinis
307 2370 381 2399 ciuus
399 2368 488 2399 rek‘dt
510 2370 676 2410 (integram
691 2371 894 2408 precationem
912 2366 1087 2406 solennem)
1110 2369 1151 2396 ita

119 2412 282 2451 subjunget,
305 2420 336 2441 ut
359 2424 421 2441 eam
443 2414 638 2452 precationem
661 2410 823 2452 sepulcrum
838 2411 894 2439 sibi
913 2409 1015 2438 laetius
1032 2409 1153 2438 reddere

120 2453 191 2483 velit
219 2461 246 2482 et
277 2456 305 2482 in
333 2466 444 2495 quaque
465 2451 543 2483 rek‘a
571 2453 640 2483 Sur.
666 2457 679 2482 1
706 2461 732 2482 et
761 2451 937 2482 versiculum
963 2451 1031 2481 solii
1055 2451 1150 2490 semel,

190 2565 210 2597 ⁸)
231 2565 257 2590 lu
275 2566 324 2591 line
339 2566 486 2592 ‘Ahd-atlah
506 2565 666 2598 nan-‘offlam
685 2570 776 2591 auctor
795 2565 965 2598 precationis,
989 2564 1086 2588 dixisse
1100 2568 1153 2588 tra-

121 2600 206 2625 ditur:
228 2601 268 2625 Ne
285 2604 427 2627 temerarios
445 2609 467 2626 et
488 2603 621 2626 iracundos
639 2603 702 2625 hanc
720 2602 885 2632 precationem
903 2600 1004 2630 ἀστήρ,-
1021 2608 1077 2622 narn
1092 2600 1154 2629 fieri

119 2640 201 2665 potes-t
218 2639 245 2658 ut
266 2643 297 2658 ea
321 2637 355 2659 ad
377 2639 456 2660 scelus
477 2637 579 2669 aliquod
599 2637 746 2665 abutantur5
772 2637 833 2664 aut,
862 2636 890 2657 ut
908 2634 933 2656 iu
951 2633 1094 2664 posteriore
1111 2639 1155 2656 ex-

121 2669 202 2700 emplo
221 2671 278 2692 est:
301 2678 357 2693 nam
374 2671 395 2694 si
413 2679 443 2694 ea
461 2676 546 2694 eontra
565 2672 670 2703 aliquem
690 2674 795 2694 vestrum
815 2673 927 2698 utentur,
946 2676 993 2691 non
1008 2668 1086 2690 minus
1103 2668 1154 2691 voti
1171 2678 1174 2691 ι

121 2708 245 2734 compotes
260 2703 333 2733 fient.
379 2703 464 2727 Habes
483 2704 563 2728 Deum
584 2704 684 2728 ferreae
704 2702 854 2726 necessitati
873 2701 1014 2732 ineptarum
1035 2700 1174 2725 formula-¹

123 2743 178 2760 rum
199 2740 250 2760 tam
269 2736 420 2767 obnoxium,
441 2745 514 2769 quam
532 2738 622 2768 anguis
640 2737 780 2770 psyllorum
799 2735 952 2760 carminibus
971 2738 1053 2767 paret.
1170 2732 1175 2761 1

1187 297 1256 328 Sur.
1277 301 1336 327 112
1359 304 1454 326 autem
1472 305 1515 326 ter
1531 299 1644 332 recitet,
1668 299 1693 326 is
1707 299 1736 326 in
1752 295 1884 337 sepulcro
1900 297 2051 335 conditus,
2073 306 2226 338 postquam

1187 338 1317 369 Munker
1332 347 1356 367 et
1374 338 1466 368 Neklr
1481 341 1625 374 venerint,
1651 347 1736 378 caput
1760 351 1842 368 suum
1867 341 1897 368 in
1912 351 1988 378 genu.
1997 340 2158 380 sor-mosae
2177 352 2228 369 cu-

1185 381 1302 421 jusdam
1315 383 1419 420 geniae
1428 381 1461 419 ἢ)
1486 381 1655 410 reclinatum
1672 381 1795 417 videbit,
1820 383 1868 409 cui
1883 393 1968 421 quum
1989 382 2122 410 dixerit.-
2147 382 2229 418 Quae

1188 431 1219 452 tu
1237 436 1282 461 es,
1307 426 1387 462 cujus
1404 422 1467 452 luce
1484 422 1649 462 sepulcrum
1672 435 1764 451 meum
1789 422 2005 453 collustratur?
2028 423 2228 463 respondebit:

1189 465 1255 504 Ego
1283 465 1336 494 illa
1365 467 1497 505 precatio
1527 477 1608 501 sum,
1639 477 1724 505 quarn
1757 473 1786 493 tu
1809 465 1945 502 precibus
1966 467 2138 505 vespertinis
2160 465 2229 494 sub-

1184 509 1333 547 junaeisti,
1366 515 1396 535 ut
1424 505 1587 547 sepulcr-um
1616 514 1694 535 tuum
1720 506 1823 535 laetius
1850 506 2000 544 redderet;
2035 519 2126 547 quare
2149 508 2229 535 Deus

1188 562 1233 578 me
1253 561 1342 588 usque
1364 548 1404 577 acl
1427 550 1662 577 resurrectionem
1688 548 1741 577 tibi
1756 549 1867 577 sociam
1883 559 1943 576 esse
1961 551 2059 587 jussit.
2106 548 2176 578 Hoc
2192 548 2229 578 ab

1188 593 1252 631 ipso
1278 590 1427 630 Propheta
1450 597 1550 619 nostro
1574 589 1725 620 traditum.
1771 589 1849 619 Cave
1870 589 1990 619 dubites.

1271 649 1304 688 g)
1331 648 1519 678 Precationes
1539 660 1594 687 pro
1615 648 1748 676 mortuis.
1795 646 1861 676 Fol.
1881 650 1920 676 85
1938 660 1959 676 r.
1979 655 2007 677 et
2024 660 2052 677 v.
2066 671 2073 684 ,
2098 650 2228 687 precatio

1188 702 1279 732 quam
1303 690 1386 720 Deus
1406 689 1522 719 mosem
1544 690 1662 725 docuit,
1695 699 1770 729 quae
1793 691 1818 717 si
1848 696 1900 718 aut
1923 690 2098 729 simpliciter
2121 690 2158 718 ad
2181 701 2229 719 se-

1188 735 1329 772 pulcrum
1357 734 1514 766 recitatur,
1546 738 1598 760 aut
1628 742 1717 769 super
1748 737 1805 759 tres
1833 731 1964 769 lapides,
1997 743 2125 770 quorum
2152 743 2229 761 unus

1189 786 1322 810 summo,
1342 775 1416 803 alter
1438 774 1556 810 medio,
1587 774 1690 802 tertius
1713 773 1775 801 imo
1795 774 1932 811 sepulcro
1956 774 2103 809 injicitur,
2125 776 2229 813 sepul-

1189 824 1236 846 tus
1259 828 1275 845 a
1298 817 1444 856 supplicio
1467 816 1596 854 sepulcri
1620 815 1772 842 liberatur.
1823 813 1907 843 Idem
1927 816 2061 844 efficiunt
2079 822 2137 844 tres
2161 827 2230 854 pre-

1191 860 1323 888 cationes
1345 859 1436 886 fronti
1460 864 1489 886 et
1511 858 1624 895 pectori
1646 857 1757 885 mortui
1778 856 1978 894 imponendae
2002 858 2055 885 sol.
2077 860 2133 886 151
2153 868 2176 885 r.
2202 863 2231 887 et

1189 913 1219 931 v.
1244 907 1273 930 et
1297 904 1357 930 152
1381 911 1403 928 r.
1458 899 1575 931 Prima,
1607 909 1684 936 quae
1707 896 1788 926 Enes
1809 896 2009 927 lbn-Maliki
2034 909 2094 927 esse
2123 899 2230 928 dicitur

1189 950 1279 983 atque
1297 954 1335 971 ex
1352 941 1461 972 Nesefii
1476 938 1667 978 El-Menheg
1687 945 1826 978 excerpta
1849 946 1909 976 est,
1934 939 1991 968 hac
2017 940 2125 969 fabella
2148 951 2231 969 com—

1189 986 1365 1014 mendatur:
1396 982 1491 1012 Filius
1518 982 1663 1011 Ibrcflzimi
1690 980 1901 1010 Imekctlidi
1925 988 2039 1020 patrem
2070 993 2112 1010 ex
2141 983 2232 1020 ipsius

1189 1026 1330 1056 mandato
1353 1037 1386 1054 ea
1408 1026 1576 1064 precatione
1598 1025 1732 1052 munivit.
1767 1023 1850 1052 Hinc
1870 1023 1941 1063 quid
1960 1025 2093 1058 evenerit,
2117 1023 2167 1052 ille
2187 1026 2232 1053 sic

1190 1070 1343 1105 narravit:
1369 1065 1446 1096 Vidi
1457 1074 1572 1106 patrem
1587 1077 1641 1105 per
1655 1076 1805 1094 somnum:
1829 1067 1879 1105 qui
1902 1077 1920 1094 a
1941 1077 1986 1093 me
2001 1073 2137 1105 rogatus,
2161 1065 2232 1106 quid

1190 1111 1271 1140 Deus
1294 1112 1324 1139 in
1346 1111 1441 1150 ipsum
1461 1109 1672 1143 constituisset,
1695 1106 1862 1147 respondit.-
1883 1106 2036 1136 Intrarunt
2055 1107 2094 1137 ad
2113 1120 2157 1136 me
2176 1120 2231 1137 an-

1185 1169 1247 1209 geli
1267 1176 1393 1198 tortores
1415 1163 1555 1212 (ῌῖΜῖ
1578 1155 1725 1212 fibla),
1753 1164 1804 1193 sed
1823 1164 1933 1206 ⁸fronte
1962 1173 1987 1193 et
2015 1173 2133 1206 pectore
2166 1177 2229 1195 meo

1188 1220 1325 1259 inspectis
1354 1217 1515 1246 dixerunt:
1548 1215 1574 1245 Ο
1603 1226 1685 1245 serve
1713 1215 1793 1251 Dei,
1829 1214 1967 1244 liberatus
1999 1227 2027 1244 es
2057 1228 2076 1245 a
2106 1217 2231 1245 saevitia

1189 1269 1292 1290 nostra
1307 1259 1372 1300 wis).
1416 1259 1521 1299 Itaque
1542 1270 1618 1287 nunc
1640 1259 1734 1298 quiete
1746 1257 1843 1299 fruor
1865 1265 1891 1285 et
1908 1257 1989 1286 Deus
2010 1257 2084 1286 mihi
2106 1259 2229 1297 ignovit.

1186 1310 1255 1341 Fol.
1278 1314 1337 1340 118
1352 1321 1383 1340 v.
1409 1317 1438 1339 et
1461 1312 1520 1340 119
1536 1321 1560 1338 r.
1584 1311 1616 1337 in
1635 1318 1731 1346 marg.
1754 1300 1851 1357 &Lagi
1868 1308 1943 1351 {9120
1958 1309 1985 1347 g
2003 1308 2124 1350 Q,
2147 1310 2228 1338 arab.

1189 1359 1349 1400 Repetitur
1372 1362 1453 1398 origo
1474 1361 1652 1399 precationis
1676 1359 1809 1386 funebris
1833 1357 1907 1395 (vid.
1930 1356 2095 1396 Bluradgea
2114 1357 2229 1387 d’Ohs-

1189 1413 1244 1431 son
1267 1413 1283 1430 a
1306 1401 1421 1431 Beckio
1444 1403 1546 1430 transl.
1570 1399 1603 1434 I,
1625 1410 1694 1439 pag.
1724 1399 1929 1435 395—399)
1953 1401 1990 1427 ab
2009 1398 2148 1434 Adamo,
2180 1401 2231 1439 qui

1189 1445 1303 1483 primus
1329 1454 1363 1472 ea
1387 1454 1456 1472 usus
1478 1445 1534 1477 sit,
1559 1453 1652 1482 quum
1675 1441 1824 1469 Habelem
1845 1451 1862 1469 a
1878 1439 1973 1470 Ca'ino
1996 1442 2028 1469 'm
2051 1452 2150 1470 arcam
2172 1443 2231 1470 im-

1190 1488 1320 1525 positum
1353 1492 1381 1514 et
1412 1487 1443 1514 in
1474 1495 1564 1513 arena
1588 1484 1738 1512 defossum
1760 1483 1831 1511 inde
1857 1485 2025 1513 retraxisset
2047 1485 2134 1523 eique
2156 1485 2231 1520 justa

1190 1529 1312 1557 faceret.
1357 1526 1422 1557 Fol.
1441 1531 1496 1556 121
1514 1538 1539 1556 r.
1562 1528 1594 1554 in
1617 1536 1712 1564 marg.
1736 1527 1867 1564 precatio
1890 1536 1949 1563 qua
1972 1527 2025 1554 illa
2048 1526 2232 1564 auspicanda

1191 1576 1252 1606 est,
1283 1569 1393 1597 deinde
1422 1575 1480 1598 tres
1511 1570 1696 1608 precationes
1724 1569 1817 1596 tribus
1845 1568 1992 1605 prioribus
2015 1570 2076 1605 ejus
2099 1569 2230 1606 partibus

1191 1610 1344 1649 (tei-birth,
1369 1609 1533 1649 Muradgea
1550 1609 1705 1639 d’Ohsson
1730 1610 1787 1638 1.1.
1810 1619 1878 1647 pag.
1896 1612 1970 1643 396)
1994 1610 2229 1648 subjungendae.

1189 1652 1255 1682 Fol.
1282 1655 1338 1682 121
1365 1663 1393 1682 v.
1421 1655 1453 1681 in
1475 1662 1570 1691 marg.
1595 1658 1724 1692 quatuor
1746 1652 1990 1690 precatiunculae
2013 1652 2042 1680 in
2066 1653 2135 1690 ipsis
2159 1662 2231 1680 exe-

1191 1697 1267 1736 quiis
1290 1695 1474 1724 recitandae:
1500 1694 1532 1733 1)
1549 1705 1644 1733 quum
1662 1689 1751 1722 funus
1772 1693 1861 1722 domo
1878 1695 1990 1722 elatum
2003 1700 2062 1729 est,
2086 1695 2119 1731 2)
2135 1704 2230 1733 quum

1187 1764 1219 1790 in
1235 1763 1381 1797 oratorio,
1404 1753 1504 1804 <aL-2⁸,
1529 1761 1696 1799 depositum
1710 1766 1754 1789 est
1765 1782 1772 1796 ,
1799 1759 1831 1798 3)
1856 1771 1951 1800 quum
1964 1771 2063 1789 rursus
2079 1760 2149 1789 inde
2165 1761 2229 1789 ela-

1187 1819 1255 1842 tum
1270 1818 1329 1848 est,
1352 1811 1385 1851 4)
1409 1822 1503 1852 quum
1525 1811 1563 1839 ad
1584 1812 1753 1849 sepulcrum
1777 1812 1926 1849 perlatum
1943 1816 1997 1839 est.
2041 1809 2106 1839 Fol.
2123 1813 2181 1840 152
2199 1821 2228 1840 v.

1189 1885 1219 1908 et
1241 1882 1300 1908 153
1325 1890 1348 1908 r.
1369 1869 1470 1918 μέζω
1493 1877 1603 1920 6911ῥὺ1
1627 1878 1718 1920 ς1.1;,>,
1746 1887 1808 1905 11011
1839 1888 1874 1905 ea
1900 1877 2031 1916 precatio
2053 1888 2143 1917 quam
2166 1879 2230 1916 ipse

1190 1929 1321 1958 Imamus
1345 1930 1382 1957 ad
1408 1931 1580 1968 sepulcrum
1610 1928 1700 1956 modo
1730 1927 1881 1956 inhumati
1911 1928 2015 1956 recitat
2042 1925 2228 1966 (Muradgea

1191 1970 1356 2001 d’Ohsson
1378 1973 1400 1999 l.
1423 1973 1442 2000 l.
1465 1981 1532 2009 pag.
1559 1970 1654 2007 411),
1679 1969 1731 1998 sed
1753 1971 1810 1997 alia
1832 1970 1936 1997 similis
1960 1971 2147 2007 argumenti,
2172 1969 2229 1998 hoc

1191 2014 1344 2052 prooemio
1361 2015 1524 2042 instructa:
1553 2011 1646 2048 Ouum
1670 2010 1777 2050 aliquis
1797 2019 1928 2039 mortuus
1950 2019 1977 2039 et
1998 2010 2126 2051 sepultus
2143 2018 2183 2038 est
2204 2019 2228 2038 et

1192 2055 1319 2084 homines
1350 2055 1387 2083 ab
1419 2057 1478 2094 ejus
1507 2053 1640 2092 sepulcro
1669 2052 1877 2089 discesserunt,
1906 2052 2021 2082 eloctum
2052 2052 2175 2092 aliquem
2204 2060 2229 2080 et

1188 2097 1313 2137 probum
1335 2099 1430 2125 virum
1450 2095 1583 2136 sepulcro
1606 2097 1738 2124 insistere
1755 2103 1779 2123 et
1796 2102 1909 2123 mortuo
1927 2094 1998 2123 haec
2014 2094 2128 2124 dictare
2143 2106 2229 2134 opor-

1190 2155 1244 2176 tet:
1274 2146 1401 2176 Nomine
1423 2147 1498 2182 Dei,
1523 2157 1588 2186 sqq.
1632 2145 1700 2175 Fol.
1730 2149 1788 2175 119
1811 2157 1842 2175 v.
1873 2146 1988 2188 vigum
2011 2145 2086 2188 {dubo
2109 2143 2228 2186 ψει-ΒΑ.

1192 2197 1274 2226 Haec
1297 2199 1445 2236 precatio,
1469 2207 1544 2235 quae
1566 2198 1630 2235 ipsa
1654 2196 1794 2231 docetur,
1815 2206 1831 2223 a
1854 2201 1980 2234 cognato
1997 2201 2047 2223 aut
2064 2196 2160 2223 amico
2180 2195 2229 2222 in·

1193 2240 1311 2268 humati
1340 2239 1377 2268 ad
1406 2241 1578 2278 sepulcrum
1608 2240 1669 2274 ejus
1698 2238 1851 2266 recitanda
1882 2244 1940 2272 est,
1972 2243 2005 2265 ut
2033 2237 2128 2275 prima
2155 2246 2228 2272 nox,

1194 2292 1286 2322 quam
1301 2283 1332 2309 in
1347 2283 1483 2319 sepulcro
1504 2281 1604 2318 deget,
1629 2281 1766 2308 omnium
1783 2281 1916 2307 maxime
1937 2285 1999 2307 atra
2021 2285 2051 2306 et
2070 2278 2228 2312 horrenda,

1195 2326 1222 2352 ei
1245 2325 1345 2352 minus
1367 2323 1439 2351 dura
1462 2324 1517 2359 sit3
1548 2333 1619 2350 nam
1649 2323 1704 2350 rite
1727 2323 1850 2350 recitata
1880 2323 1931 2349 illa
1953 2321 2122 2359 precatione
2146 2319 2229 2348 Deus

1195 2367 1277 2395 mille
1301 2367 1420 2404 angelos
1442 2365 1472 2392 in
1496 2365 1667 2402 sepulcrum
1689 2365 1803 2397 mittet,
1827 2373 1954 2402 quorum
1978 2364 2103 2402 quisque
2126 2363 2230 2389 lumen

1195 2414 1224 2437 et
1245 2418 1352 2436 munus
1377 2407 1497 2446 aliquod
1521 2407 1643 2440 afferet,
1667 2407 1772 2444 quibus
1792 2406 1843 2433 ille
1866 2415 1958 2444 usque
1982 2404 2019 2432 ad
2042 2405 2230 2432 resurrectio-

1194 2460 1264 2478 nem
1295 2449 1528 2483 exhilarabitur,
1562 2454 1651 2487 atque
1681 2449 1738 2475 alia
1771 2457 1891 2486 quoque
1920 2447 2064 2475 beneficia
2091 2444 2173 2474 Deus
2204 2446 2229 2474 ei

1264 2573 1281 2604 Ἰ
1304 2573 1354 2597 Pro
1378 2572 1470 2596 semina
1488 2578 1582 2595 marem
1601 2571 1758 2595 substituere
1780 2571 1858 2601 licet3
1886 2571 1990 2595 verbum
2009 2570 2135 2594 turcicum
2155 2568 2229 2597 enim,

1193 2620 1300 2656 :5520
1321 2611 1425 2650 5³:45⁴
1442 2620 1491 2652 5),
1517 2621 1646 2637 commune
1667 2617 1715 2637 est.

1266 2690 1292 2722 ¹¹)
1311 2690 1447 2721 Adjectum
1466 2691 1505 2712 est
1523 2671 1610 2713 ebs-:A
1626 2681 1653 2720 ὅ
1674 2679 1719 2713 cU
1734 2671 1786 2710 aiii
1803 2679 1884 2728 nibli,
1911 2688 1934 2711 in
1954 2694 2002 2719 quo
2021 2686 2125 2710 verbum
2145 2678 2230 2716 etQ

1197 2736 1345 2766 corruptum
1364 2739 1420 2756 esse
1443 2733 1555 2763 apparet.

1693 2765 1732 2792 53
