<?xml version="1.0" encoding="UTF-8"?>
<!DOCTYPE html PUBLIC "-//W3C//DTD XHTML 1.0 Transitional//EN"
    "http://www.w3.org/TR/xhtml1/DTD/xhtml1-transitional.dtd">
<html xmlns="http://www.w3.org/1999/xhtml" xml:lang="en" lang="en">
 <head>
  <title>
</title>
<meta http-equiv="Content-Type" content="text/html;charset=utf-8" />
  <meta name='ocr-system' content='tesseract 3.04.00' />
  <meta name='ocr-capabilities' content='ocr_page ocr_carea ocr_par ocr_line ocrx_word'/>
</head>
<body>
  <div class='ocr_page' id='page_1' title='image "./cataloguslibroru00leipuoft_0043.png"; bbox 0 0 2482 3068; ppageno 0'>
   <div class='ocr_carea' id='block_1_1' title="bbox 1170 174 1228 218">
    <p class='ocr_par' dir='ltr' id='par_1_1' title="bbox 1170 174 1228 218">
     <span class='ocr_line' id='line_1_1' title="bbox 1170 174 1228 218; baseline 0.017 -1"><span class='ocrx_word' id='word_1_1' title='bbox 1170 174 1228 218; x_wconf 86' lang='lat'>15</span> 
     </span>
    </p>
   </div>
   <div class='ocr_carea' id='block_1_2' title="bbox 133 300 1176 718">
    <p class='ocr_par' dir='ltr' id='par_1_2' title="bbox 133 300 1176 718">
     <span class='ocr_line' id='line_1_2' title="bbox 136 300 1174 343; baseline -0.008 -8"><span class='ocrx_word' id='word_1_2' title='bbox 136 311 198 343; x_wconf 80' lang='lat' dir='ltr'>est,</span> <span class='ocrx_word' id='word_1_3' title='bbox 221 305 272 334; x_wconf 86' lang='lat' dir='ltr'>sed</span> <span class='ocrx_word' id='word_1_4' title='bbox 297 303 473 342; x_wconf 68' lang='lat' dir='ltr'>negligentia</span> <span class='ocrx_word' id='word_1_5' title='bbox 495 303 605 330; x_wconf 84' lang='lat' dir='ltr'>scribae</span> <span class='ocrx_word' id='word_1_6' title='bbox 620 305 744 339; x_wconf 84' lang='lat' dir='ltr'>apparet</span> <span class='ocrx_word' id='word_1_7' title='bbox 759 301 912 338; x_wconf 81' lang='lat' dir='ltr'>aliquoties</span> <span class='ocrx_word' id='word_1_8' title='bbox 927 301 1020 328; x_wconf 81' lang='lat' dir='ltr'>verbis</span> <span class='ocrx_word' id='word_1_9' title='bbox 1037 303 1086 328; x_wconf 84' lang='lat' dir='ltr'>aut</span> <span class='ocrx_word' id='word_1_10' title='bbox 1102 300 1174 327; x_wconf 85' lang='lat' dir='ltr'>inte-</span> 
     </span>
     <span class='ocr_line' id='line_1_3' title="bbox 135 342 1175 386; baseline -0.008 -11"><span class='ocrx_word' id='word_1_11' title='bbox 135 349 193 386; x_wconf 81' lang='lat' dir='ltr'>gris</span> <span class='ocrx_word' id='word_1_12' title='bbox 210 348 336 374; x_wconf 80' lang='lat' dir='ltr'>versibus</span> <span class='ocrx_word' id='word_1_13' title='bbox 354 347 463 373; x_wconf 85' lang='lat' dir='ltr'>omissis</span> <span class='ocrx_word' id='word_1_14' title='bbox 475 365 483 381; x_wconf 89' lang='lat'>,</span> <span class='ocrx_word' id='word_1_15' title='bbox 508 349 574 382; x_wconf 88' lang='lat' dir='ltr'>post</span> <span class='ocrx_word' id='word_1_16' title='bbox 597 346 633 372; x_wconf 87' lang='lat' dir='ltr'>ab</span> <span class='ocrx_word' id='word_1_17' title='bbox 649 344 705 371; x_wconf 86' lang='lat' dir='ltr'>alio</span> <span class='ocrx_word' id='word_1_18' title='bbox 722 344 873 380; x_wconf 76' lang='lat' dir='ltr'>suppletis.</span> <span class='ocrx_word' id='word_1_19' title='bbox 918 343 979 370; x_wconf 88' lang='lat' dir='ltr'>Nec</span> <span class='ocrx_word' id='word_1_20' title='bbox 995 343 1106 369; x_wconf 74' lang='lat' dir='ltr'>litterae</span> <span class='ocrx_word' id='word_1_21' title='bbox 1121 342 1175 368; x_wconf 78' lang='lat' dir='ltr'>sibi</span> 
     </span>
     <span class='ocr_line' id='line_1_4' title="bbox 135 383 1175 425; baseline -0.007 -8"><span class='ocrx_word' id='word_1_22' title='bbox 135 393 279 424; x_wconf 80' lang='lat' dir='ltr'>constant,</span> <span class='ocrx_word' id='word_1_23' title='bbox 297 398 390 425; x_wconf 72' lang='lat' dir='ltr'>neque</span> <span class='ocrx_word' id='word_1_24' title='bbox 407 391 609 414; x_wconf 81' lang='lat' dir='ltr'>atramentum.</span> <span class='ocrx_word' id='word_1_25' title='bbox 654 386 742 412; x_wconf 87' lang='lat' dir='ltr'>Nulla</span> <span class='ocrx_word' id='word_1_26' title='bbox 758 390 800 412; x_wconf 85' lang='lat' dir='ltr'>est</span> <span class='ocrx_word' id='word_1_27' title='bbox 816 385 953 412; x_wconf 88' lang='lat' dir='ltr'>librorum</span> <span class='ocrx_word' id='word_1_28' title='bbox 969 384 1081 419; x_wconf 78' lang='lat' dir='ltr'>divisio,</span> <span class='ocrx_word' id='word_1_29' title='bbox 1104 383 1175 410; x_wconf 89' lang='lat' dir='ltr'>nulli</span> 
     </span>
     <span class='ocr_line' id='line_1_5' title="bbox 134 426 1176 465; baseline -0.006 -7"><span class='ocrx_word' id='word_1_30' title='bbox 134 430 258 459; x_wconf 87' lang='lat' dir='ltr'>numeri.</span> <span class='ocrx_word' id='word_1_31' title='bbox 304 431 359 456; x_wconf 77' lang='lat' dir='ltr'>Pro</span> <span class='ocrx_word' id='word_1_32' title='bbox 382 428 618 465; x_wconf 74' lang='lat' dir='ltr'>inscriptionibus</span> <span class='ocrx_word' id='word_1_33' title='bbox 641 428 800 454; x_wconf 83' lang='lat' dir='ltr'>carminum</span> <span class='ocrx_word' id='word_1_34' title='bbox 824 427 911 453; x_wconf 80' lang='lat' dir='ltr'>solius</span> <span class='ocrx_word' id='word_1_35' title='bbox 936 426 1019 453; x_wconf 83' lang='lat' dir='ltr'>metri</span> <span class='ocrx_word' id='word_1_36' title='bbox 1043 426 1176 462; x_wconf 66' lang='lat' dir='ltr'>designa-</span> 
     </span>
     <span class='ocr_line' id='line_1_6' title="bbox 134 467 1176 507; baseline -0.006 -7"><span class='ocrx_word' id='word_1_37' title='bbox 134 473 228 500; x_wconf 82' lang='lat' dir='ltr'>tiones</span> <span class='ocrx_word' id='word_1_38' title='bbox 252 476 319 499; x_wconf 89' lang='lat' dir='ltr'>sunt</span> <span class='ocrx_word' id='word_1_39' title='bbox 342 471 428 498; x_wconf 90' lang='lat' dir='ltr'>minio</span> <span class='ocrx_word' id='word_1_40' title='bbox 445 471 578 507; x_wconf 78' lang='lat' dir='ltr'>scriptae,</span> <span class='ocrx_word' id='word_1_41' title='bbox 603 469 755 506; x_wconf 78' lang='lat' dir='ltr'>aliquoties</span> <span class='ocrx_word' id='word_1_42' title='bbox 772 468 870 496; x_wconf 75' lang='lat' dir='ltr'>salsae.</span> <span class='ocrx_word' id='word_1_43' title='bbox 916 468 961 495; x_wconf 80' lang='lat' dir='ltr'>Cf.</span> <span class='ocrx_word' id='word_1_44' title='bbox 979 476 1053 504; x_wconf 87' lang='lat' dir='ltr'>quae</span> <span class='ocrx_word' id='word_1_45' title='bbox 1069 467 1105 494; x_wconf 86' lang='lat' dir='ltr'>de</span> <span class='ocrx_word' id='word_1_46' title='bbox 1121 467 1176 494; x_wconf 86' lang='lat' dir='ltr'>hoc</span> 
     </span>
     <span class='ocr_line' id='line_1_7' title="bbox 134 508 1175 548; baseline -0.005 -7"><span class='ocrx_word' id='word_1_47' title='bbox 134 514 234 542; x_wconf 83' lang='lat' dir='ltr'>codice</span> <span class='ocrx_word' id='word_1_48' title='bbox 249 512 422 541; x_wconf 70' lang='lat' dir='ltr'>Mar-tinius</span> <span class='ocrx_word' id='word_1_49' title='bbox 445 512 483 540; x_wconf 82' lang='lat' dir='ltr'>ad</span> <span class='ocrx_word' id='word_1_50' title='bbox 498 513 609 538; x_wconf 86' lang='lat' dir='ltr'>lanium</span> <span class='ocrx_word' id='word_1_51' title='bbox 626 510 791 548; x_wconf 69' lang='lat' dir='ltr'>perscripsit</span> <span class='ocrx_word' id='word_1_52' title='bbox 807 510 834 536; x_wconf 92' lang='lat' dir='ltr'>in</span> <span class='ocrx_word' id='word_1_53' title='bbox 851 510 896 537; x_wconf 86' lang='lat' dir='ltr'>ed.</span> <span class='ocrx_word' id='word_1_54' title='bbox 914 510 1016 536; x_wconf 80' lang='lat' dir='ltr'>Horat.</span> <span class='ocrx_word' id='word_1_55' title='bbox 1031 508 1175 544; x_wconf 71' lang='lat' dir='ltr'>Iuniana,</span> 
     </span>
     <span class='ocr_line' id='line_1_8' title="bbox 136 551 1175 593; baseline -0.005 -9"><span class='ocrx_word' id='word_1_56' title='bbox 136 556 222 583; x_wconf 88' lang='lat' dir='ltr'>Tom.</span> <span class='ocrx_word' id='word_1_57' title='bbox 238 556 261 583; x_wconf 92' lang='lat' dir='ltr'>I.</span> <span class='ocrx_word' id='word_1_58' title='bbox 287 565 315 593; x_wconf 84' lang='lat' dir='ltr'>p.</span> <span class='ocrx_word' id='word_1_59' title='bbox 333 555 429 589; x_wconf 61' lang='lat' dir='ltr'>xlii„</span> <span class='ocrx_word' id='word_1_60' title='bbox 455 562 528 590; x_wconf 86' lang='lat' dir='ltr'>quae</span> <span class='ocrx_word' id='word_1_61' title='bbox 544 553 698 590; x_wconf 69' lang='lat' dir='ltr'>descriptio</span> <span class='ocrx_word' id='word_1_62' title='bbox 725 552 811 578; x_wconf 80' lang='lat' dir='ltr'>etiam</span> <span class='ocrx_word' id='word_1_63' title='bbox 828 551 948 589; x_wconf 86' lang='lat' dir='ltr'>repetita</span> <span class='ocrx_word' id='word_1_64' title='bbox 965 551 1069 587; x_wconf 78' lang='lat' dir='ltr'>legitur</span> <span class='ocrx_word' id='word_1_65' title='bbox 1084 552 1113 579; x_wconf 86' lang='lat' dir='ltr'>in</span> <span class='ocrx_word' id='word_1_66' title='bbox 1129 552 1175 579; x_wconf 87' lang='lat' dir='ltr'>ed.</span> 
     </span>
     <span class='ocr_line' id='line_1_9' title="bbox 134 590 1175 624; baseline -0.004 1"><span class='ocrx_word' id='word_1_67' title='bbox 134 597 249 624; x_wconf 84' lang='lat' dir='ltr'>Horatii</span> <span class='ocrx_word' id='word_1_68' title='bbox 265 595 538 624; x_wconf 82' lang='lat' dir='ltr'>Mitscherlichiana.</span> <span class='ocrx_word' id='word_1_69' title='bbox 584 596 737 622; x_wconf 75' lang='lat' dir='ltr'>Caeterum</span> <span class='ocrx_word' id='word_1_70' title='bbox 761 594 848 621; x_wconf 87' lang='lat' dir='ltr'>etiam</span> <span class='ocrx_word' id='word_1_71' title='bbox 868 590 1053 621; x_wconf 57' lang='lat' dir='ltr'>liii-chavus</span> <span class='ocrx_word' id='word_1_72' title='bbox 1078 594 1107 620; x_wconf 89' lang='lat' dir='ltr'>in</span> <span class='ocrx_word' id='word_1_73' title='bbox 1129 593 1175 621; x_wconf 75' lang='lat' dir='ltr'>ed.</span> 
     </span>
     <span class='ocr_line' id='line_1_10' title="bbox 133 634 1175 674; baseline -0.004 -8"><span class='ocrx_word' id='word_1_74' title='bbox 133 638 265 674; x_wconf 87' lang='lat' dir='ltr'>Satyrar.</span> <span class='ocrx_word' id='word_1_75' title='bbox 282 639 336 666; x_wconf 91' lang='lat' dir='ltr'>hoc</span> <span class='ocrx_word' id='word_1_76' title='bbox 353 638 451 665; x_wconf 83' lang='lat' dir='ltr'>codice</span> <span class='ocrx_word' id='word_1_77' title='bbox 468 646 535 664; x_wconf 87' lang='lat' dir='ltr'>usus</span> <span class='ocrx_word' id='word_1_78' title='bbox 551 641 593 665; x_wconf 86' lang='lat' dir='ltr'>est</span> <span class='ocrx_word' id='word_1_79' title='bbox 608 641 637 664; x_wconf 90' lang='lat' dir='ltr'>et</span> <span class='ocrx_word' id='word_1_80' title='bbox 653 636 762 662; x_wconf 83' lang='lat' dir='ltr'>vocavit</span> <span class='ocrx_word' id='word_1_81' title='bbox 778 645 844 663; x_wconf 87' lang='lat' dir='ltr'>eum</span> <span class='ocrx_word' id='word_1_82' title='bbox 861 635 935 663; x_wconf 88' lang='lat' dir='ltr'>Cod.</span> <span class='ocrx_word' id='word_1_83' title='bbox 951 635 1032 672; x_wconf 86' lang='lat' dir='ltr'>Lips.</span> <span class='ocrx_word' id='word_1_84' title='bbox 1047 634 1078 665; x_wconf 81' lang='lat'>2.</span> <span class='ocrx_word' id='word_1_85' title='bbox 1108 635 1175 663; x_wconf 76' lang='lat' dir='ltr'>vid.</span> 
     </span>
     <span class='ocr_line' id='line_1_11' title="bbox 134 680 362 718; baseline -0.004 -9"><span class='ocrx_word' id='word_1_86' title='bbox 134 680 223 709; x_wconf 78' lang='lat' dir='ltr'>Tum.</span> <span class='ocrx_word' id='word_1_87' title='bbox 238 680 261 708; x_wconf 90' lang='grc' dir='ltr'>Ι.</span> <span class='ocrx_word' id='word_1_88' title='bbox 281 691 312 718; x_wconf 85' lang='lat' dir='ltr'>p.</span> <span class='ocrx_word' id='word_1_89' title='bbox 329 681 362 708; x_wconf 78' lang='lat' dir='ltr'>C.</span> 
     </span>
    </p>
   </div>
   <div class='ocr_carea' id='block_1_3' title="bbox 135 734 1177 852">
    <p class='ocr_par' dir='ltr' id='par_1_3' title="bbox 135 734 1177 852">
     <span class='ocr_line' id='line_1_12' title="bbox 527 734 783 817; baseline -0.008 -7"><span class='ocrx_word' id='word_1_90' title='bbox 527 734 783 817; x_wconf 47' lang='lat' dir='ltr'>[Refflffi&#39;fssffi]</span> 
     </span>
     <span class='ocr_line' id='line_1_13' title="bbox 135 819 1177 852; baseline -0.006 0"><span class='ocrx_word' id='word_1_91' title='bbox 135 823 237 852; x_wconf 78' lang='lat' dir='ltr'>Codex</span> <span class='ocrx_word' id='word_1_92' title='bbox 260 824 496 851; x_wconf 80' lang='lat' dir='ltr'>membranaceus</span> <span class='ocrx_word' id='word_1_93' title='bbox 520 831 594 849; x_wconf 83' lang='lat' dir='ltr'>saec.</span> <span class='ocrx_word' id='word_1_94' title='bbox 615 821 678 848; x_wconf 84' lang='lat' dir='ltr'>XV.</span> <span class='ocrx_word' id='word_1_95' title='bbox 703 821 731 846; x_wconf 87' lang='lat' dir='ltr'>in</span> <span class='ocrx_word' id='word_1_96' title='bbox 757 819 837 847; x_wconf 86' lang='lat' dir='ltr'>tenui</span> <span class='ocrx_word' id='word_1_97' title='bbox 864 823 892 847; x_wconf 87' lang='lat' dir='ltr'>et</span> <span class='ocrx_word' id='word_1_98' title='bbox 914 820 988 847; x_wconf 84' lang='lat' dir='ltr'>laevi</span> <span class='ocrx_word' id='word_1_99' title='bbox 1009 820 1177 847; x_wconf 83' lang='lat' dir='ltr'>membrana</span> 
     </span>
    </p>
   </div>
   <div class='ocr_carea' id='block_1_4' title="bbox 155 862 1183 2106">
    <p class='ocr_par' dir='ltr' id='par_1_4' title="bbox 176 862 1178 1224">
     <span class='ocr_line' id='line_1_14' title="bbox 177 862 1176 902; baseline -0.005 -9"><span class='ocrx_word' id='word_1_100' title='bbox 177 865 325 902; x_wconf 81' lang='lat' dir='ltr'>eleganter</span> <span class='ocrx_word' id='word_1_101' title='bbox 347 870 374 892; x_wconf 82' lang='lat' dir='ltr'>et</span> <span class='ocrx_word' id='word_1_102' title='bbox 396 868 528 892; x_wconf 86' lang='lat' dir='ltr'>accurate</span> <span class='ocrx_word' id='word_1_103' title='bbox 551 863 654 890; x_wconf 84' lang='lat' dir='ltr'>litteris</span> <span class='ocrx_word' id='word_1_104' title='bbox 670 862 801 889; x_wconf 84' lang='lat' dir='ltr'>Gothicis</span> <span class='ocrx_word' id='word_1_105' title='bbox 824 862 964 898; x_wconf 81' lang='lat' dir='ltr'>scriptus,</span> <span class='ocrx_word' id='word_1_106' title='bbox 989 871 1053 888; x_wconf 77' lang='lat' dir='ltr'>cuin</span> <span class='ocrx_word' id='word_1_107' title='bbox 1078 862 1176 899; x_wconf 89' lang='lat' dir='ltr'>paucis</span> 
     </span>
     <span class='ocr_line' id='line_1_15' title="bbox 177 903 1177 942; baseline -0.005 -8"><span class='ocrx_word' id='word_1_108' title='bbox 177 907 278 942; x_wconf 74' lang='lat' dir='ltr'>glossis</span> <span class='ocrx_word' id='word_1_109' title='bbox 306 906 538 933; x_wconf 78' lang='lat' dir='ltr'>interlinearilms</span> <span class='ocrx_word' id='word_1_110' title='bbox 566 909 593 931; x_wconf 90' lang='lat' dir='ltr'>et</span> <span class='ocrx_word' id='word_1_111' title='bbox 617 903 733 930; x_wconf 81' lang='lat' dir='ltr'>scholiis</span> <span class='ocrx_word' id='word_1_112' title='bbox 760 903 797 930; x_wconf 89' lang='lat' dir='ltr'>ad</span> <span class='ocrx_word' id='word_1_113' title='bbox 826 904 985 939; x_wconf 63' lang='lat' dir='ltr'>marginem</span> <span class='ocrx_word' id='word_1_114' title='bbox 1014 904 1177 940; x_wconf 70' lang='lat' dir='ltr'>adscriptis,</span> 
     </span>
     <span class='ocr_line' id='line_1_16' title="bbox 177 945 1176 982; baseline -0.004 -7"><span class='ocrx_word' id='word_1_115' title='bbox 177 948 261 975; x_wconf 85' lang='lat' dir='ltr'>lineis</span> <span class='ocrx_word' id='word_1_116' title='bbox 286 949 372 975; x_wconf 86' lang='lat' dir='ltr'>rubro</span> <span class='ocrx_word' id='word_1_117' title='bbox 395 947 503 982; x_wconf 83' lang='lat' dir='ltr'>ductis,</span> <span class='ocrx_word' id='word_1_118' title='bbox 530 946 631 973; x_wconf 87' lang='lat' dir='ltr'>litteris</span> <span class='ocrx_word' id='word_1_119' title='bbox 653 945 810 972; x_wconf 85' lang='lat' dir='ltr'>initialibus</span> <span class='ocrx_word' id='word_1_120' title='bbox 828 954 843 971; x_wconf 88' lang='lat' dir='ltr'>a</span> <span class='ocrx_word' id='word_1_121' title='bbox 859 945 910 972; x_wconf 85' lang='lat' dir='ltr'>sol.</span> <span class='ocrx_word' id='word_1_122' title='bbox 927 945 978 974; x_wconf 82' lang='grc'>66.</span> <span class='ocrx_word' id='word_1_123' title='bbox 995 954 1021 972; x_wconf 86' lang='lat' dir='ltr'>a.</span> <span class='ocrx_word' id='word_1_124' title='bbox 1038 945 1176 972; x_wconf 87' lang='lat' dir='ltr'>caeruleis</span> 
     </span>
     <span class='ocr_line' id='line_1_17' title="bbox 176 985 1178 1026; baseline -0.003 -10"><span class='ocrx_word' id='word_1_125' title='bbox 176 990 325 1026; x_wconf 80' lang='lat' dir='ltr'>rubroque</span> <span class='ocrx_word' id='word_1_126' title='bbox 341 989 479 1026; x_wconf 82' lang='lat' dir='ltr'>adpictis,</span> <span class='ocrx_word' id='word_1_127' title='bbox 503 988 600 1014; x_wconf 80' lang='lat' dir='ltr'>folior.</span> <span class='ocrx_word' id='word_1_128' title='bbox 617 985 676 1022; x_wconf 76' lang='grc'>83,</span> <span class='ocrx_word' id='word_1_129' title='bbox 702 996 825 1023; x_wconf 89' lang='lat' dir='ltr'>quorum</span> <span class='ocrx_word' id='word_1_130' title='bbox 843 987 953 1013; x_wconf 90' lang='lat' dir='ltr'>octonis</span> <span class='ocrx_word' id='word_1_131' title='bbox 970 991 1102 1014; x_wconf 77' lang='lat' dir='ltr'>constant</span> <span class='ocrx_word' id='word_1_132' title='bbox 1118 996 1178 1013; x_wconf 89' lang='lat' dir='ltr'>ma-</span> 
     </span>
     <span class='ocr_line' id='line_1_18' title="bbox 177 1026 1176 1068; baseline -0.003 -10"><span class='ocrx_word' id='word_1_133' title='bbox 177 1031 288 1068; x_wconf 81' lang='lat' dir='ltr'>nipuli,</span> <span class='ocrx_word' id='word_1_134' title='bbox 310 1040 383 1067; x_wconf 85' lang='lat' dir='ltr'>quos</span> <span class='ocrx_word' id='word_1_135' title='bbox 408 1040 465 1057; x_wconf 89' lang='lat' dir='ltr'>non</span> <span class='ocrx_word' id='word_1_136' title='bbox 490 1030 584 1056; x_wconf 87' lang='lat' dir='ltr'>solum</span> <span class='ocrx_word' id='word_1_137' title='bbox 608 1029 637 1055; x_wconf 89' lang='lat' dir='ltr'>in</span> <span class='ocrx_word' id='word_1_138' title='bbox 662 1029 718 1055; x_wconf 88' lang='lat' dir='ltr'>ima</span> <span class='ocrx_word' id='word_1_139' title='bbox 741 1028 847 1065; x_wconf 71' lang='lat' dir='ltr'>pagina</span> <span class='ocrx_word' id='word_1_140' title='bbox 870 1029 971 1056; x_wconf 71' lang='lat' dir='ltr'>litteris</span> <span class='ocrx_word' id='word_1_141' title='bbox 986 1038 1015 1056; x_wconf 86' lang='grc' dir='ltr'>α.</span> <span class='ocrx_word' id='word_1_142' title='bbox 1036 1026 1062 1055; x_wconf 84' lang='lat' dir='ltr'>b.</span> <span class='ocrx_word' id='word_1_143' title='bbox 1079 1038 1104 1056; x_wconf 91' lang='lat' dir='ltr'>c.</span> <span class='ocrx_word' id='word_1_144' title='bbox 1123 1033 1176 1055; x_wconf 84' lang='lat' dir='ltr'>cet.</span> 
     </span>
     <span class='ocr_line' id='line_1_19' title="bbox 177 1070 1178 1109; baseline -0.002 -10"><span class='ocrx_word' id='word_1_145' title='bbox 177 1072 299 1109; x_wconf 70' lang='lat' dir='ltr'>signarit</span> <span class='ocrx_word' id='word_1_146' title='bbox 319 1072 403 1109; x_wconf 87' lang='lat' dir='ltr'>primi</span> <span class='ocrx_word' id='word_1_147' title='bbox 428 1072 536 1098; x_wconf 83' lang='lat' dir='ltr'>librarii</span> <span class='ocrx_word' id='word_1_148' title='bbox 562 1080 684 1105; x_wconf 82' lang='lat' dir='ltr'>manus,</span> <span class='ocrx_word' id='word_1_149' title='bbox 715 1070 766 1097; x_wconf 83' lang='lat' dir='ltr'>sed</span> <span class='ocrx_word' id='word_1_150' title='bbox 792 1070 879 1097; x_wconf 86' lang='lat' dir='ltr'>etiam</span> <span class='ocrx_word' id='word_1_151' title='bbox 904 1070 975 1098; x_wconf 87' lang='lat' dir='ltr'>solia</span> <span class='ocrx_word' id='word_1_152' title='bbox 997 1071 1178 1107; x_wconf 77' lang='lat' dir='ltr'>singulorum</span> 
     </span>
     <span class='ocr_line' id='line_1_20' title="bbox 176 1112 1177 1152; baseline -0.004 -11"><span class='ocrx_word' id='word_1_153' title='bbox 176 1114 392 1152; x_wconf 78' lang='lat' dir='ltr'>manipulorum</span> <span class='ocrx_word' id='word_1_154' title='bbox 417 1114 556 1150; x_wconf 84' lang='lat' dir='ltr'>appositis</span> <span class='ocrx_word' id='word_1_155' title='bbox 582 1113 722 1139; x_wconf 79' lang='lat' dir='ltr'>numeris:</span> <span class='ocrx_word' id='word_1_156' title='bbox 755 1112 806 1144; x_wconf 66' lang='grc' dir='ltr'>α’,</span> <span class='ocrx_word' id='word_1_157' title='bbox 830 1113 882 1145; x_wconf 49' lang='grc' dir='ltr'>αἳ,</span> <span class='ocrx_word' id='word_1_158' title='bbox 907 1113 942 1138; x_wconf 73' lang='grc' dir='ltr'>(ιὸ</span> <span class='ocrx_word' id='word_1_159' title='bbox 963 1117 1016 1139; x_wconf 85' lang='lat' dir='ltr'>cet.</span> <span class='ocrx_word' id='word_1_160' title='bbox 1063 1113 1095 1138; x_wconf 86' lang='lat' dir='ltr'>Iu</span> <span class='ocrx_word' id='word_1_161' title='bbox 1120 1113 1177 1138; x_wconf 80' lang='lat' dir='ltr'>tine</span> 
     </span>
     <span class='ocr_line' id='line_1_21' title="bbox 177 1151 1177 1192; baseline -0.004 -9"><span class='ocrx_word' id='word_1_162' title='bbox 177 1155 317 1192; x_wconf 81' lang='lat' dir='ltr'>cuiusque,</span> <span class='ocrx_word' id='word_1_163' title='bbox 340 1155 480 1191; x_wconf 77' lang='lat' dir='ltr'>manipuli</span> <span class='ocrx_word' id='word_1_164' title='bbox 502 1158 598 1180; x_wconf 85' lang='lat' dir='ltr'>custos</span> <span class='ocrx_word' id='word_1_165' title='bbox 624 1156 676 1179; x_wconf 77' lang='lat' dir='ltr'>est.</span> <span class='ocrx_word' id='word_1_166' title='bbox 728 1152 793 1179; x_wconf 76' lang='lat' dir='ltr'>Ful.</span> <span class='ocrx_word' id='word_1_167' title='bbox 817 1151 845 1180; x_wconf 88' lang='lat'>1.</span> <span class='ocrx_word' id='word_1_168' title='bbox 870 1154 895 1180; x_wconf 90' lang='lat' dir='ltr'>b.</span> <span class='ocrx_word' id='word_1_169' title='bbox 920 1154 1063 1190; x_wconf 87' lang='lat' dir='ltr'>scriptura</span> <span class='ocrx_word' id='word_1_170' title='bbox 1088 1157 1177 1180; x_wconf 73' lang='lat' dir='ltr'>vacat.</span> 
     </span>
     <span class='ocr_line' id='line_1_22' title="bbox 179 1196 388 1224; baseline -0.014 0"><span class='ocrx_word' id='word_1_171' title='bbox 179 1196 388 1224; x_wconf 73' lang='lat' dir='ltr'>Continentur:</span> 
     </span>
    </p>

    <p class='ocr_par' dir='ltr' id='par_1_5' title="bbox 155 1231 1182 1980">
     <span class='ocr_line' id='line_1_23' title="bbox 155 1231 1176 1273; baseline 0 -12"><span class='ocrx_word' id='word_1_172' title='bbox 155 1238 189 1272; x_wconf 73' lang='lat' dir='ltr'>a)</span> <span class='ocrx_word' id='word_1_173' title='bbox 223 1236 285 1273; x_wconf 80' lang='lat' dir='ltr'>[sol.</span> <span class='ocrx_word' id='word_1_174' title='bbox 301 1237 330 1264; x_wconf 78' lang='lat'>2.</span> <span class='ocrx_word' id='word_1_175' title='bbox 347 1244 364 1261; x_wconf 87' lang='lat' dir='ltr'>a</span> <span class='ocrx_word' id='word_1_176' title='bbox 383 1251 418 1255; x_wconf 91' lang='lat'>--</span> <span class='ocrx_word' id='word_1_177' title='bbox 436 1234 487 1261; x_wconf 83' lang='grc'>65.</span> <span class='ocrx_word' id='word_1_178' title='bbox 504 1231 544 1267; x_wconf 87' lang='lat' dir='ltr'>b.]</span> <span class='ocrx_word' id='word_1_179' title='bbox 584 1233 727 1259; x_wconf 76' lang='lat' dir='ltr'>HonA&#39;rn</span> <span class='ocrx_word' id='word_1_180' title='bbox 751 1241 822 1260; x_wconf 77' lang='lat' dir='ltr'>ono.</span> <span class='ocrx_word' id='word_1_181' title='bbox 846 1240 928 1260; x_wconf 76' lang='lat' dir='ltr'>mim.</span> <span class='ocrx_word' id='word_1_182' title='bbox 951 1233 1001 1261; x_wconf 78' lang='lat' dir='ltr'>IV.</span> <span class='ocrx_word' id='word_1_183' title='bbox 1044 1233 1176 1261; x_wconf 64' lang='lat' dir='ltr'>Erotion</span> 
     </span>
     <span class='ocr_line' id='line_1_24' title="bbox 219 1274 1178 1313; baseline -0.002 -8"><span class='ocrx_word' id='word_1_184' title='bbox 219 1285 334 1311; x_wconf 74' lang='lat' dir='ltr'>muna,</span> <span class='ocrx_word' id='word_1_185' title='bbox 380 1282 511 1302; x_wconf 55' lang='lat' dir='ltr'>cannen</span> <span class='ocrx_word' id='word_1_186' title='bbox 542 1281 729 1301; x_wconf 51' lang='lat' dir='ltr'>ssu-:cuman</span> <span class='ocrx_word' id='word_1_187' title='bbox 762 1276 826 1301; x_wconf 83' lang='lat' dir='ltr'>cnm</span> <span class='ocrx_word' id='word_1_188' title='bbox 851 1274 966 1302; x_wconf 77' lang='lat' dir='ltr'>scholiis</span> <span class='ocrx_word' id='word_1_189' title='bbox 988 1276 1178 1313; x_wconf 76' lang='lat' dir='ltr'>paucissimis.</span> 
     </span>
     <span class='ocr_line' id='line_1_25' title="bbox 220 1314 1179 1356; baseline -0.001 -10"><span class='ocrx_word' id='word_1_190' title='bbox 220 1319 310 1356; x_wconf 88' lang='lat' dir='ltr'>Incip.</span> <span class='ocrx_word' id='word_1_191' title='bbox 336 1316 500 1344; x_wconf 75' lang='lat' dir='ltr'>Maecenas</span> <span class='ocrx_word' id='word_1_192' title='bbox 529 1316 626 1342; x_wconf 76' lang='lat' dir='ltr'>atavis</span> <span class='ocrx_word' id='word_1_193' title='bbox 647 1314 723 1342; x_wconf 76' lang='lat' dir='ltr'>edite</span> <span class='ocrx_word' id='word_1_194' title='bbox 744 1314 861 1352; x_wconf 81' lang='lat' dir='ltr'>reg-ibus</span> <span class='ocrx_word' id='word_1_195' title='bbox 884 1322 937 1344; x_wconf 84' lang='lat' dir='ltr'>eet.</span> <span class='ocrx_word' id='word_1_196' title='bbox 980 1317 1095 1356; x_wconf 81' lang='lat' dir='ltr'>Explic.</span> <span class='ocrx_word' id='word_1_197' title='bbox 1119 1316 1179 1345; x_wconf 73' lang='lat' dir='ltr'>Di-</span> 
     </span>
     <span class='ocr_line' id='line_1_26' title="bbox 220 1356 1179 1398; baseline -0.002 -9"><span class='ocrx_word' id='word_1_198' title='bbox 220 1371 284 1389; x_wconf 79' lang='lat' dir='ltr'>cere</span> <span class='ocrx_word' id='word_1_199' title='bbox 305 1357 419 1387; x_wconf 75' lang='lat' dir='ltr'>laudes.</span> <span class='ocrx_word' id='word_1_200' title='bbox 464 1357 609 1394; x_wconf 72' lang='lat' dir='ltr'>Explicit</span> <span class='ocrx_word' id='word_1_201' title='bbox 628 1356 702 1385; x_wconf 78' lang='lat' dir='ltr'>liber</span> <span class='ocrx_word' id='word_1_202' title='bbox 726 1356 848 1385; x_wconf 75' lang='lat' dir='ltr'>odarum</span> <span class='ocrx_word' id='word_1_203' title='bbox 863 1356 985 1387; x_wconf 73' lang='lat' dir='ltr'>horatii.</span> <span class='ocrx_word' id='word_1_204' title='bbox 1000 1375 1043 1379; x_wconf 97' lang='lat'><strong>—</strong></span> <span class='ocrx_word' id='word_1_205' title='bbox 1065 1360 1179 1398; x_wconf 80' lang='lat' dir='ltr'>Scripta</span> 
     </span>
     <span class='ocr_line' id='line_1_27' title="bbox 219 1400 1179 1437; baseline -0.001 -7"><span class='ocrx_word' id='word_1_206' title='bbox 219 1409 287 1431; x_wconf 82' lang='lat' dir='ltr'>sunt</span> <span class='ocrx_word' id='word_1_207' title='bbox 310 1403 437 1429; x_wconf 87' lang='lat' dir='ltr'>carmina</span> <span class='ocrx_word' id='word_1_208' title='bbox 457 1401 519 1428; x_wconf 84' lang='lat' dir='ltr'>sine</span> <span class='ocrx_word' id='word_1_209' title='bbox 544 1400 602 1427; x_wconf 90' lang='lat' dir='ltr'>ullo</span> <span class='ocrx_word' id='word_1_210' title='bbox 626 1400 767 1427; x_wconf 79' lang='lat' dir='ltr'>libroruin</span> <span class='ocrx_word' id='word_1_211' title='bbox 792 1401 932 1429; x_wconf 84' lang='lat' dir='ltr'>divisione</span> <span class='ocrx_word' id='word_1_212' title='bbox 948 1406 976 1429; x_wconf 91' lang='lat' dir='ltr'>et</span> <span class='ocrx_word' id='word_1_213' title='bbox 992 1402 1100 1437; x_wconf 84' lang='lat' dir='ltr'>titulis,</span> <span class='ocrx_word' id='word_1_214' title='bbox 1125 1403 1179 1429; x_wconf 85' lang='lat' dir='ltr'>nisi</span> 
     </span>
     <span class='ocr_line' id='line_1_28' title="bbox 219 1442 1179 1482; baseline -0.001 -10"><span class='ocrx_word' id='word_1_215' title='bbox 219 1443 300 1482; x_wconf 85' lang='lat' dir='ltr'>quod</span> <span class='ocrx_word' id='word_1_216' title='bbox 322 1445 396 1471; x_wconf 80' lang='lat' dir='ltr'>inter</span> <span class='ocrx_word' id='word_1_217' title='bbox 420 1443 547 1478; x_wconf 76' lang='lat' dir='ltr'>singulas</span> <span class='ocrx_word' id='word_1_218' title='bbox 570 1442 640 1469; x_wconf 82' lang='lat' dir='ltr'>odas</span> <span class='ocrx_word' id='word_1_219' title='bbox 662 1451 719 1468; x_wconf 86' lang='lat' dir='ltr'>una</span> <span class='ocrx_word' id='word_1_220' title='bbox 741 1443 816 1469; x_wconf 83' lang='lat' dir='ltr'>linea</span> <span class='ocrx_word' id='word_1_221' title='bbox 839 1452 927 1470; x_wconf 84' lang='lat' dir='ltr'>vacua</span> <span class='ocrx_word' id='word_1_222' title='bbox 951 1444 1051 1471; x_wconf 88' lang='lat' dir='ltr'>relicta</span> <span class='ocrx_word' id='word_1_223' title='bbox 1067 1448 1128 1479; x_wconf 80' lang='lat' dir='ltr'>est,</span> <span class='ocrx_word' id='word_1_224' title='bbox 1149 1444 1179 1471; x_wconf 90' lang='lat' dir='ltr'>in</span> 
     </span>
     <span class='ocr_line' id='line_1_29' title="bbox 220 1484 1179 1524; baseline -0.001 -11"><span class='ocrx_word' id='word_1_225' title='bbox 220 1495 278 1524; x_wconf 89' lang='lat' dir='ltr'>qua</span> <span class='ocrx_word' id='word_1_226' title='bbox 294 1486 438 1513; x_wconf 70' lang='lat' dir='ltr'>recentior</span> <span class='ocrx_word' id='word_1_227' title='bbox 454 1494 555 1511; x_wconf 86' lang='lat' dir='ltr'>manus</span> <span class='ocrx_word' id='word_1_228' title='bbox 572 1484 744 1520; x_wconf 85' lang='lat' dir='ltr'>quibusdam</span> <span class='ocrx_word' id='word_1_229' title='bbox 761 1484 823 1511; x_wconf 83' lang='lat' dir='ltr'>odis</span> <span class='ocrx_word' id='word_1_230' title='bbox 839 1485 1056 1522; x_wconf 79' lang='lat' dir='ltr'>inscriptionem</span> <span class='ocrx_word' id='word_1_231' title='bbox 1072 1487 1179 1523; x_wconf 80' lang='lat' dir='ltr'>posuit,</span> 
     </span>
     <span class='ocr_line' id='line_1_30' title="bbox 220 1525 1179 1565; baseline -0.002 -10"><span class='ocrx_word' id='word_1_232' title='bbox 220 1537 296 1565; x_wconf 83' lang='lat' dir='ltr'>quae</span> <span class='ocrx_word' id='word_1_233' title='bbox 321 1532 348 1555; x_wconf 88' lang='lat' dir='ltr'>et</span> <span class='ocrx_word' id='word_1_234' title='bbox 374 1527 478 1553; x_wconf 80' lang='lat' dir='ltr'>omissa</span> <span class='ocrx_word' id='word_1_235' title='bbox 502 1535 518 1552; x_wconf 90' lang='lat' dir='ltr'>a</span> <span class='ocrx_word' id='word_1_236' title='bbox 545 1525 662 1552; x_wconf 85' lang='lat' dir='ltr'>librario</span> <span class='ocrx_word' id='word_1_237' title='bbox 687 1526 831 1563; x_wconf 50' lang='lat' dir='ltr'>supplerit</span> <span class='ocrx_word' id='word_1_238' title='bbox 856 1527 981 1564; x_wconf 83' lang='lat' dir='ltr'>vitiaque</span> <span class='ocrx_word' id='word_1_239' title='bbox 1006 1528 1179 1555; x_wconf 80' lang='lat' dir='ltr'>emendavit.</span> 
     </span>
     <span class='ocr_line' id='line_1_31' title="bbox 221 1567 1180 1597; baseline -0.001 0"><span class='ocrx_word' id='word_1_240' title='bbox 221 1569 358 1597; x_wconf 84' lang='lat' dir='ltr'>Ceterum</span> <span class='ocrx_word' id='word_1_241' title='bbox 383 1569 411 1595; x_wconf 90' lang='lat' dir='ltr'>in</span> <span class='ocrx_word' id='word_1_242' title='bbox 436 1568 492 1594; x_wconf 88' lang='lat' dir='ltr'>hoc</span> <span class='ocrx_word' id='word_1_243' title='bbox 515 1567 614 1594; x_wconf 89' lang='lat' dir='ltr'>codice</span> <span class='ocrx_word' id='word_1_244' title='bbox 644 1567 781 1594; x_wconf 80' lang='lat' dir='ltr'>lectiones</span> <span class='ocrx_word' id='word_1_245' title='bbox 805 1568 951 1595; x_wconf 87' lang='lat' dir='ltr'>interdum</span> <span class='ocrx_word' id='word_1_246' title='bbox 979 1570 1180 1596; x_wconf 72' lang='lat' dir='ltr'>memorabiles</span> 
     </span>
     <span class='ocr_line' id='line_1_32' title="bbox 220 1607 1181 1648; baseline -0.001 -10"><span class='ocrx_word' id='word_1_247' title='bbox 220 1615 303 1646; x_wconf 87' lang='lat' dir='ltr'>sunt,</span> <span class='ocrx_word' id='word_1_248' title='bbox 335 1615 366 1637; x_wconf 94' lang='lat' dir='ltr'>ut</span> <span class='ocrx_word' id='word_1_249' title='bbox 390 1611 485 1637; x_wconf 75' lang='lat' dir='ltr'>Carni.</span> <span class='ocrx_word' id='word_1_250' title='bbox 502 1608 590 1644; x_wconf 44' lang='lat'>1124.</span> <span class='ocrx_word' id='word_1_251' title='bbox 614 1607 665 1637; x_wconf 76' lang='lat'>20.</span> <span class='ocrx_word' id='word_1_252' title='bbox 698 1618 783 1645; x_wconf 86' lang='lat' dir='ltr'>quem</span> <span class='ocrx_word' id='word_1_253' title='bbox 808 1609 902 1636; x_wconf 89' lang='lat' dir='ltr'>locum</span> <span class='ocrx_word' id='word_1_254' title='bbox 927 1611 1052 1648; x_wconf 87' lang='lat' dir='ltr'>exempli</span> <span class='ocrx_word' id='word_1_255' title='bbox 1080 1620 1181 1638; x_wconf 83' lang='lat' dir='ltr'>caussa</span> 
     </span>
     <span class='ocr_line' id='line_1_33' title="bbox 223 1649 1180 1689; baseline 0 -10"><span class='ocrx_word' id='word_1_256' title='bbox 223 1653 310 1680; x_wconf 89' lang='lat' dir='ltr'>etiam</span> <span class='ocrx_word' id='word_1_257' title='bbox 334 1652 462 1678; x_wconf 78' lang='lat' dir='ltr'>laudavit</span> <span class='ocrx_word' id='word_1_258' title='bbox 487 1649 679 1684; x_wconf 64' lang='lat' dir='ltr'>Man-tinius,</span> <span class='ocrx_word' id='word_1_259' title='bbox 710 1650 758 1687; x_wconf 90' lang='lat' dir='ltr'>qui</span> <span class='ocrx_word' id='word_1_260' title='bbox 787 1650 823 1677; x_wconf 90' lang='lat' dir='ltr'>de</span> <span class='ocrx_word' id='word_1_261' title='bbox 850 1661 884 1678; x_wconf 87' lang='lat' dir='ltr'>eo</span> <span class='ocrx_word' id='word_1_262' title='bbox 914 1652 1014 1679; x_wconf 83' lang='lat' dir='ltr'>codice</span> <span class='ocrx_word' id='word_1_263' title='bbox 1037 1653 1180 1689; x_wconf 81' lang='lat' dir='ltr'>quaedam</span> 
     </span>
     <span class='ocr_line' id='line_1_34' title="bbox 220 1691 1179 1731; baseline 0 -10"><span class='ocrx_word' id='word_1_264' title='bbox 220 1694 388 1731; x_wconf 74' lang='lat' dir='ltr'>perscripsit</span> <span class='ocrx_word' id='word_1_265' title='bbox 414 1693 450 1721; x_wconf 87' lang='lat' dir='ltr'>ad</span> <span class='ocrx_word' id='word_1_266' title='bbox 473 1691 603 1720; x_wconf 72' lang='lat' dir='ltr'>lanium.</span> <span class='ocrx_word' id='word_1_267' title='bbox 648 1692 715 1718; x_wconf 83' lang='lat' dir='ltr'>Vid.</span> <span class='ocrx_word' id='word_1_268' title='bbox 738 1691 823 1718; x_wconf 89' lang='lat' dir='ltr'>huius</span> <span class='ocrx_word' id='word_1_269' title='bbox 850 1692 896 1719; x_wconf 88' lang='lat' dir='ltr'>ed.</span> <span class='ocrx_word' id='word_1_270' title='bbox 918 1693 1019 1721; x_wconf 83' lang='lat' dir='ltr'>Horat.</span> <span class='ocrx_word' id='word_1_271' title='bbox 1054 1694 1179 1722; x_wconf 87' lang='lat' dir='ltr'>Tom.1.</span> 
     </span>
     <span class='ocr_line' id='line_1_35' title="bbox 221 1730 1180 1773; baseline 0 -11"><span class='ocrx_word' id='word_1_272' title='bbox 221 1744 288 1773; x_wconf 84' lang='lat' dir='ltr'>pag.</span> <span class='ocrx_word' id='word_1_273' title='bbox 304 1735 373 1762; x_wconf 85' lang='lat' dir='ltr'>XIII</span> <span class='ocrx_word' id='word_1_274' title='bbox 390 1739 418 1761; x_wconf 86' lang='lat' dir='ltr'>et</span> <span class='ocrx_word' id='word_1_275' title='bbox 433 1744 493 1770; x_wconf 86' lang='lat' dir='ltr'>seq.</span> <span class='ocrx_word' id='word_1_276' title='bbox 528 1735 573 1761; x_wconf 80' lang='lat' dir='ltr'>Cf.</span> <span class='ocrx_word' id='word_1_277' title='bbox 590 1733 636 1761; x_wconf 86' lang='lat' dir='ltr'>ed.</span> <span class='ocrx_word' id='word_1_278' title='bbox 651 1730 869 1760; x_wconf 69' lang='lat' dir='ltr'>Mitsclzerlicli.</span> <span class='ocrx_word' id='word_1_279' title='bbox 895 1734 981 1762; x_wconf 89' lang='lat' dir='ltr'>Tom.</span> <span class='ocrx_word' id='word_1_280' title='bbox 998 1735 1020 1762; x_wconf 96' lang='grc' dir='ltr'>Ι.</span> <span class='ocrx_word' id='word_1_281' title='bbox 1037 1744 1103 1772; x_wconf 82' lang='lat' dir='ltr'>pag.</span> <span class='ocrx_word' id='word_1_282' title='bbox 1114 1736 1180 1763; x_wconf 94' lang='lat' dir='ltr'>XII.</span> 
     </span>
     <span class='ocr_line' id='line_1_36' title="bbox 224 1774 1181 1813; baseline 0.001 -10"><span class='ocrx_word' id='word_1_283' title='bbox 224 1776 286 1813; x_wconf 88' lang='lat' dir='ltr'>[t&#39;ol.</span> <span class='ocrx_word' id='word_1_284' title='bbox 303 1776 354 1805; x_wconf 78' lang='lat'>60.</span> <span class='ocrx_word' id='word_1_285' title='bbox 371 1785 388 1803; x_wconf 86' lang='lat' dir='ltr'>a</span> <span class='ocrx_word' id='word_1_286' title='bbox 406 1793 441 1797; x_wconf 80' lang='lat'><em>-</em></span> <span class='ocrx_word' id='word_1_287' title='bbox 458 1775 509 1805; x_wconf 82' lang='grc'>83.</span> <span class='ocrx_word' id='word_1_288' title='bbox 526 1774 565 1811; x_wconf 85' lang='lat' dir='ltr'>b.]</span> <span class='ocrx_word' id='word_1_289' title='bbox 610 1775 740 1802; x_wconf 66' lang='lat' dir='ltr'>Ynonm</span> <span class='ocrx_word' id='word_1_290' title='bbox 774 1775 949 1803; x_wconf 78' lang='lat' dir='ltr'>GAurmm.</span> <span class='ocrx_word' id='word_1_291' title='bbox 994 1776 1111 1804; x_wconf 87' lang='lat' dir='ltr'>Titulus</span> <span class='ocrx_word' id='word_1_292' title='bbox 1134 1777 1181 1804; x_wconf 91' lang='lat' dir='ltr'>hic</span> 
     </span>
     <span class='ocr_line' id='line_1_37' title="bbox 223 1817 1182 1855; baseline 0 -9"><span class='ocrx_word' id='word_1_293' title='bbox 223 1819 254 1846; x_wconf 87' lang='lat' dir='ltr'>in</span> <span class='ocrx_word' id='word_1_294' title='bbox 277 1818 490 1854; x_wconf 79' lang='lat' dir='ltr'>subscriptione</span> <span class='ocrx_word' id='word_1_295' title='bbox 515 1818 630 1844; x_wconf 70' lang='lat' dir='ltr'>demum</span> <span class='ocrx_word' id='word_1_296' title='bbox 654 1817 769 1853; x_wconf 78' lang='lat' dir='ltr'>legitur.</span> <span class='ocrx_word' id='word_1_297' title='bbox 821 1817 912 1854; x_wconf 67' lang='lat' dir='ltr'>&#39;I‘ypis</span> <span class='ocrx_word' id='word_1_298' title='bbox 938 1817 1115 1855; x_wconf 87' lang='lat' dir='ltr'>descriptum</span> <span class='ocrx_word' id='word_1_299' title='bbox 1139 1823 1182 1846; x_wconf 84' lang='lat' dir='ltr'>est</span> 
     </span>
     <span class='ocr_line' id='line_1_38' title="bbox 223 1857 1182 1896; baseline 0.002 -10"><span class='ocrx_word' id='word_1_300' title='bbox 223 1859 296 1887; x_wconf 87' lang='lat' dir='ltr'>illud</span> <span class='ocrx_word' id='word_1_301' title='bbox 318 1868 433 1885; x_wconf 84' lang='lat' dir='ltr'>carmen</span> <span class='ocrx_word' id='word_1_302' title='bbox 456 1859 484 1885; x_wconf 90' lang='lat' dir='ltr'>iu</span> <span class='ocrx_word' id='word_1_303' title='bbox 502 1860 594 1894; x_wconf 83' lang='lat' dir='ltr'>libro,</span> <span class='ocrx_word' id='word_1_304' title='bbox 621 1859 666 1885; x_wconf 89' lang='lat' dir='ltr'>cui</span> <span class='ocrx_word' id='word_1_305' title='bbox 683 1859 797 1885; x_wconf 85' lang='lat' dir='ltr'>titulus:</span> <span class='ocrx_word' id='word_1_306' title='bbox 825 1857 925 1886; x_wconf 76' lang='lat' dir='ltr'>Varia</span> <span class='ocrx_word' id='word_1_307' title='bbox 947 1858 1095 1888; x_wconf 75' lang='lat' dir='ltr'>doctorum</span> <span class='ocrx_word' id='word_1_308' title='bbox 1112 1862 1182 1896; x_wconf 87' lang='lat' dir='ltr'>pio-</span> 
     </span>
     <span class='ocr_line' id='line_1_39' title="bbox 223 1899 1180 1938; baseline 0.001 -9"><span class='ocrx_word' id='word_1_309' title='bbox 223 1910 345 1938; x_wconf 75' lang='lat' dir='ltr'>rumque</span> <span class='ocrx_word' id='word_1_310' title='bbox 374 1901 504 1927; x_wconf 71' lang='lat' dir='ltr'>virorum.</span> <span class='ocrx_word' id='word_1_311' title='bbox 534 1899 570 1926; x_wconf 78' lang='lat' dir='ltr'>de</span> <span class='ocrx_word' id='word_1_312' title='bbox 599 1906 736 1935; x_wconf 79' lang='lat' dir='ltr'>corrupto</span> <span class='ocrx_word' id='word_1_313' title='bbox 764 1899 902 1928; x_wconf 74' lang='lat' dir='ltr'>ecclesiae</span> <span class='ocrx_word' id='word_1_314' title='bbox 930 1908 1008 1929; x_wconf 76' lang='lat' dir='ltr'>stam</span> <span class='ocrx_word' id='word_1_315' title='bbox 1031 1909 1180 1938; x_wconf 76' lang='lat' dir='ltr'>poemata.</span> 
     </span>
     <span class='ocr_line' id='line_1_40' title="bbox 227 1936 1181 1980; baseline 0.003 -9"><span class='ocrx_word' id='word_1_316' title='bbox 227 1942 299 1971; x_wconf 82' lang='lat' dir='ltr'>Cum</span> <span class='ocrx_word' id='word_1_317' title='bbox 313 1942 510 1980; x_wconf 73' lang='lat' dir='ltr'>praefatione</span> <span class='ocrx_word' id='word_1_318' title='bbox 532 1939 674 1969; x_wconf 75' lang='lat' dir='ltr'>Mathiae</span> <span class='ocrx_word' id='word_1_319' title='bbox 694 1941 797 1969; x_wconf 68' lang='lat' dir='ltr'>Fluctz·</span> <span class='ocrx_word' id='word_1_320' title='bbox 814 1936 947 1980; x_wconf 71' lang='lat' dir='ltr'>Illyrfci.</span> <span class='ocrx_word' id='word_1_321' title='bbox 976 1943 1077 1972; x_wconf 78' lang='lat' dir='ltr'>Rasil.</span> <span class='ocrx_word' id='word_1_322' title='bbox 1090 1944 1181 1974; x_wconf 81' lang='grc'><strong>1557.</strong></span> 
     </span>
    </p>

    <p class='ocr_par' dir='ltr' id='par_1_6' title="bbox 197 1981 1183 2106">
     <span class='ocr_line' id='line_1_41' title="bbox 197 1981 1181 2025; baseline 0.001 -12"><span class='ocrx_word' id='word_1_323' title='bbox 197 1981 202 1987; x_wconf 62' lang='grc'><strong><em>’</em></strong></span> <span class='ocrx_word' id='word_1_324' title='bbox 222 1994 291 2025; x_wconf 80' lang='lat' dir='ltr'>pag.</span> <span class='ocrx_word' id='word_1_325' title='bbox 315 1983 508 2014; x_wconf 63' lang='lat' dir='ltr'>*IIS—454.</span> <span class='ocrx_word' id='word_1_326' title='bbox 552 1985 651 2017; x_wconf 81' lang='lat' dir='ltr'>Quum</span> <span class='ocrx_word' id='word_1_327' title='bbox 675 1985 757 2011; x_wconf 87' lang='lat' dir='ltr'>multi</span> <span class='ocrx_word' id='word_1_328' title='bbox 782 1985 839 2011; x_wconf 87' lang='lat' dir='ltr'>sint</span> <span class='ocrx_word' id='word_1_329' title='bbox 862 1995 959 2014; x_wconf 87' lang='lat' dir='ltr'>versus</span> <span class='ocrx_word' id='word_1_330' title='bbox 984 1988 1019 2014; x_wconf 86' lang='lat' dir='ltr'>ab</span> <span class='ocrx_word' id='word_1_331' title='bbox 1044 1987 1126 2014; x_wconf 91' lang='lat' dir='ltr'>initio</span> <span class='ocrx_word' id='word_1_332' title='bbox 1152 1988 1181 2014; x_wconf 93' lang='lat' dir='ltr'>in</span> 
     </span>
     <span class='ocr_line' id='line_1_42' title="bbox 224 2026 1183 2066; baseline 0.001 -10"><span class='ocrx_word' id='word_1_333' title='bbox 224 2031 325 2056; x_wconf 83' lang='lat' dir='ltr'>nostro</span> <span class='ocrx_word' id='word_1_334' title='bbox 347 2026 466 2062; x_wconf 83' lang='lat' dir='ltr'>codice,</span> <span class='ocrx_word' id='word_1_335' title='bbox 496 2026 545 2064; x_wconf 91' lang='lat' dir='ltr'>qui</span> <span class='ocrx_word' id='word_1_336' title='bbox 569 2027 598 2053; x_wconf 87' lang='lat' dir='ltr'>in</span> <span class='ocrx_word' id='word_1_337' title='bbox 623 2026 672 2053; x_wconf 87' lang='lat' dir='ltr'>illo</span> <span class='ocrx_word' id='word_1_338' title='bbox 695 2027 768 2053; x_wconf 88' lang='lat' dir='ltr'>libro</span> <span class='ocrx_word' id='word_1_339' title='bbox 790 2036 851 2054; x_wconf 87' lang='lat' dir='ltr'>non</span> <span class='ocrx_word' id='word_1_340' title='bbox 865 2027 1021 2066; x_wconf 82' lang='lat' dir='ltr'>leguntur,</span> <span class='ocrx_word' id='word_1_341' title='bbox 1045 2029 1110 2057; x_wconf 90' lang='lat' dir='ltr'>illos</span> <span class='ocrx_word' id='word_1_342' title='bbox 1126 2028 1183 2057; x_wconf 86' lang='lat' dir='ltr'>huc</span> 
     </span>
     <span class='ocr_line' id='line_1_43' title="bbox 224 2068 777 2106; baseline -0.004 -9"><span class='ocrx_word' id='word_1_343' title='bbox 224 2069 481 2106; x_wconf 82' lang='lat' dir='ltr'>transscripsimus.</span> <span class='ocrx_word' id='word_1_344' title='bbox 526 2068 603 2096; x_wconf 87' lang='lat' dir='ltr'>Sunt</span> <span class='ocrx_word' id='word_1_345' title='bbox 617 2073 714 2095; x_wconf 87' lang='lat' dir='ltr'>autem</span> <span class='ocrx_word' id='word_1_346' title='bbox 730 2068 777 2095; x_wconf 86' lang='lat' dir='ltr'>hi:</span> 
     </span>
    </p>
   </div>
   <div class='ocr_carea' id='block_1_5' title="bbox 257 2114 938 2313">
    <p class='ocr_par' dir='ltr' id='par_1_7' title="bbox 257 2114 938 2250">
     <span class='ocr_line' id='line_1_44' title="bbox 258 2114 938 2148; baseline 0.001 -7"><span class='ocrx_word' id='word_1_347' title='bbox 258 2116 353 2142; x_wconf 86' lang='lat' dir='ltr'>Pastor</span> <span class='ocrx_word' id='word_1_348' title='bbox 371 2115 529 2148; x_wconf 87' lang='lat' dir='ltr'>apostolicus</span> <span class='ocrx_word' id='word_1_349' title='bbox 549 2114 581 2140; x_wconf 89' lang='lat' dir='ltr'>de</span> <span class='ocrx_word' id='word_1_350' title='bbox 601 2114 706 2141; x_wconf 85' lang='lat' dir='ltr'>cardine</span> <span class='ocrx_word' id='word_1_351' title='bbox 727 2115 785 2140; x_wconf 83' lang='lat' dir='ltr'>solis</span> <span class='ocrx_word' id='word_1_352' title='bbox 804 2115 836 2141; x_wconf 82' lang='lat' dir='ltr'>ad</span> <span class='ocrx_word' id='word_1_353' title='bbox 852 2115 938 2142; x_wconf 83' lang='lat' dir='ltr'>undas</span> 
     </span>
     <span class='ocr_line' id='line_1_45' title="bbox 258 2149 884 2182; baseline -0.002 -6"><span class='ocrx_word' id='word_1_354' title='bbox 258 2149 374 2182; x_wconf 87' lang='lat' dir='ltr'>Equoris</span> <span class='ocrx_word' id='word_1_355' title='bbox 392 2149 494 2174; x_wconf 89' lang='lat' dir='ltr'>occidui</span> <span class='ocrx_word' id='word_1_356' title='bbox 512 2157 589 2181; x_wconf 85' lang='lat' dir='ltr'>quem</span> <span class='ocrx_word' id='word_1_357' title='bbox 612 2149 687 2174; x_wconf 81' lang='lat' dir='ltr'>timet</span> <span class='ocrx_word' id='word_1_358' title='bbox 707 2157 782 2174; x_wconf 87' lang='lat' dir='ltr'>omne</span> <span class='ocrx_word' id='word_1_359' title='bbox 803 2151 884 2176; x_wconf 89' lang='lat' dir='ltr'>solum</span> 
     </span>
     <span class='ocr_line' id='line_1_46' title="bbox 259 2183 862 2217; baseline 0.002 -8"><span class='ocrx_word' id='word_1_360' title='bbox 259 2183 373 2217; x_wconf 76' lang='lat' dir='ltr'>ImperIO</span> <span class='ocrx_word' id='word_1_361' title='bbox 392 2184 464 2209; x_wconf 85' lang='lat' dir='ltr'>cuius</span> <span class='ocrx_word' id='word_1_362' title='bbox 484 2183 572 2216; x_wconf 84' lang='lat' dir='ltr'>tepido</span> <span class='ocrx_word' id='word_1_363' title='bbox 592 2184 733 2208; x_wconf 88' lang='lat' dir='ltr'>famulatur</span> <span class='ocrx_word' id='word_1_364' title='bbox 751 2185 782 2208; x_wconf 82' lang='lat' dir='ltr'>ab</span> <span class='ocrx_word' id='word_1_365' title='bbox 802 2189 862 2210; x_wconf 88' lang='lat' dir='ltr'>ortu</span> 
     </span>
     <span class='ocr_line' id='line_1_47' title="bbox 257 2217 859 2250; baseline 0 -8"><span class='ocrx_word' id='word_1_366' title='bbox 257 2219 345 2250; x_wconf 83' lang='lat' dir='ltr'>Vsque</span> <span class='ocrx_word' id='word_1_367' title='bbox 364 2219 407 2242; x_wconf 90' lang='lat' dir='ltr'>sub</span> <span class='ocrx_word' id='word_1_368' title='bbox 427 2217 534 2243; x_wconf 86' lang='lat' dir='ltr'>arthoas</span> <span class='ocrx_word' id='word_1_369' title='bbox 555 2221 625 2242; x_wconf 86' lang='lat' dir='ltr'>terra</span> <span class='ocrx_word' id='word_1_370' title='bbox 646 2222 748 2243; x_wconf 87' lang='lat' dir='ltr'>remota</span> <span class='ocrx_word' id='word_1_371' title='bbox 767 2219 859 2250; x_wconf 78' lang='lat' dir='ltr'>plagas</span> 
     </span>
    </p>

    <p class='ocr_par' dir='ltr' id='par_1_8' title="bbox 258 2251 840 2313">
     <span class='ocr_line' id='line_1_48' title="bbox 258 2251 836 2283; baseline -0.002 -5"><span class='ocrx_word' id='word_1_372' title='bbox 258 2253 309 2278; x_wconf 86' lang='lat' dir='ltr'>Ille</span> <span class='ocrx_word' id='word_1_373' title='bbox 327 2251 406 2277; x_wconf 88' lang='lat' dir='ltr'>michi</span> <span class='ocrx_word' id='word_1_374' title='bbox 424 2251 489 2277; x_wconf 81' lang='lat' dir='ltr'>dixit</span> <span class='ocrx_word' id='word_1_375' title='bbox 507 2256 537 2277; x_wconf 88' lang='lat' dir='ltr'>tu</span> <span class='ocrx_word' id='word_1_376' title='bbox 555 2251 599 2283; x_wconf 89' lang='lat' dir='ltr'>qui</span> <span class='ocrx_word' id='word_1_377' title='bbox 618 2260 701 2283; x_wconf 80' lang='lat' dir='ltr'>nuper</span> <span class='ocrx_word' id='word_1_378' title='bbox 719 2252 836 2277; x_wconf 83' lang='lat' dir='ltr'>cecinisti</span> 
     </span>
     <span class='ocr_line' id='line_1_49' title="bbox 259 2286 840 2313; baseline 0 -1"><span class='ocrx_word' id='word_1_379' title='bbox 259 2287 375 2313; x_wconf 80' lang='lat' dir='ltr'>Ecctefie</span> <span class='ocrx_word' id='word_1_380' title='bbox 394 2286 515 2312; x_wconf 82' lang='lat' dir='ltr'>lacrimas</span> <span class='ocrx_word' id='word_1_381' title='bbox 535 2287 605 2311; x_wconf 79' lang='lat' dir='ltr'>sume.</span> <span class='ocrx_word' id='word_1_382' title='bbox 623 2287 722 2311; x_wconf 78' lang='lat' dir='ltr'>resume</span> <span class='ocrx_word' id='word_1_383' title='bbox 746 2286 840 2312; x_wconf 76' lang='lat' dir='ltr'>stilum.</span> 
     </span>
    </p>
   </div>
   <div class='ocr_carea' id='block_1_6' title="bbox 159 1776 190 1816">
    <p class='ocr_par' dir='ltr' id='par_1_9' title="bbox 159 1776 190 1816">
     <span class='ocr_line' id='line_1_50' title="bbox 159 1776 190 1816; baseline 0 0"><span class='ocrx_word' id='word_1_384' title='bbox 159 1776 190 1816; x_wconf 76' lang='lat' dir='ltr'>I⁷)</span> 
     </span>
    </p>
   </div>
   <div class='ocr_carea' id='block_1_7' title="bbox 258 2319 1037 2762">
    <p class='ocr_par' dir='ltr' id='par_1_10' title="bbox 258 2319 964 2449">
     <span class='ocr_line' id='line_1_51' title="bbox 258 2319 964 2347; baseline 0 -1"><span class='ocrx_word' id='word_1_385' title='bbox 258 2320 335 2347; x_wconf 86' lang='lat' dir='ltr'>Lude</span> <span class='ocrx_word' id='word_1_386' title='bbox 352 2328 434 2346; x_wconf 83' lang='lat' dir='ltr'>novos</span> <span class='ocrx_word' id='word_1_387' title='bbox 453 2321 541 2346; x_wconf 86' lang='lat' dir='ltr'>versus</span> <span class='ocrx_word' id='word_1_388' title='bbox 562 2321 602 2345; x_wconf 85' lang='lat' dir='ltr'>fac</span> <span class='ocrx_word' id='word_1_389' title='bbox 620 2319 735 2345; x_wconf 85' lang='lat' dir='ltr'>carmina</span> <span class='ocrx_word' id='word_1_390' title='bbox 755 2321 838 2346; x_wconf 88' lang='lat' dir='ltr'>conde</span> <span class='ocrx_word' id='word_1_391' title='bbox 860 2319 964 2346; x_wconf 84' lang='lat' dir='ltr'>libellos</span> 
     </span>
     <span class='ocr_line' id='line_1_52' title="bbox 258 2353 875 2387; baseline -0.002 -7"><span class='ocrx_word' id='word_1_392' title='bbox 258 2356 328 2381; x_wconf 86' lang='lat' dir='ltr'>Nam</span> <span class='ocrx_word' id='word_1_393' title='bbox 345 2353 433 2387; x_wconf 84' lang='lat' dir='ltr'>gravis</span> <span class='ocrx_word' id='word_1_394' title='bbox 453 2354 478 2380; x_wconf 90' lang='lat' dir='ltr'>in</span> <span class='ocrx_word' id='word_1_395' title='bbox 498 2354 562 2380; x_wconf 83' lang='lat' dir='ltr'>vitio</span> <span class='ocrx_word' id='word_1_396' title='bbox 582 2357 691 2386; x_wconf 83' lang='lat' dir='ltr'>pectora</span> <span class='ocrx_word' id='word_1_397' title='bbox 709 2358 800 2387; x_wconf 87' lang='lat' dir='ltr'>torpor</span> <span class='ocrx_word' id='word_1_398' title='bbox 818 2354 875 2380; x_wconf 85' lang='lat' dir='ltr'>alit.</span> 
     </span>
     <span class='ocr_line' id='line_1_53' title="bbox 258 2388 939 2420; baseline 0 -6"><span class='ocrx_word' id='word_1_399' title='bbox 258 2389 378 2414; x_wconf 77' lang='lat' dir='ltr'>Versibus</span> <span class='ocrx_word' id='word_1_400' title='bbox 399 2390 521 2420; x_wconf 78' lang='lat' dir='ltr'>eloquere</span> <span class='ocrx_word' id='word_1_401' title='bbox 540 2388 597 2420; x_wconf 81' lang='lat' dir='ltr'>quis</span> <span class='ocrx_word' id='word_1_402' title='bbox 618 2390 645 2413; x_wconf 83' lang='lat' dir='ltr'>sit</span> <span class='ocrx_word' id='word_1_403' title='bbox 665 2389 746 2413; x_wconf 85' lang='lat' dir='ltr'>status</span> <span class='ocrx_word' id='word_1_404' title='bbox 766 2389 836 2414; x_wconf 87' lang='lat' dir='ltr'>urbis</span> <span class='ocrx_word' id='word_1_405' title='bbox 855 2388 939 2414; x_wconf 81' lang='lat' dir='ltr'>amice</span> 
     </span>
     <span class='ocr_line' id='line_1_54' title="bbox 258 2422 717 2449; baseline -0.004 0"><span class='ocrx_word' id='word_1_406' title='bbox 258 2424 345 2449; x_wconf 84' lang='lat' dir='ltr'>Detur</span> <span class='ocrx_word' id='word_1_407' title='bbox 362 2423 473 2447; x_wconf 83' lang='lat' dir='ltr'>materie</span> <span class='ocrx_word' id='word_1_408' title='bbox 491 2422 563 2448; x_wconf 85' lang='lat' dir='ltr'>curia</span> <span class='ocrx_word' id='word_1_409' title='bbox 583 2423 654 2448; x_wconf 89' lang='lat' dir='ltr'>sacra</span> <span class='ocrx_word' id='word_1_410' title='bbox 673 2427 717 2447; x_wconf 84' lang='lat' dir='ltr'>tue</span> 
     </span>
    </p>

    <p class='ocr_par' dir='ltr' id='par_1_11' title="bbox 259 2456 959 2523">
     <span class='ocr_line' id='line_1_55' title="bbox 259 2456 959 2490; baseline 0 -8"><span class='ocrx_word' id='word_1_411' title='bbox 259 2457 406 2490; x_wconf 77' lang='lat' dir='ltr'>Aggrediar</span> <span class='ocrx_word' id='word_1_412' title='bbox 423 2456 485 2482; x_wconf 75' lang='lat' dir='ltr'>dixi.</span> <span class='ocrx_word' id='word_1_413' title='bbox 522 2456 579 2488; x_wconf 87' lang='lat' dir='ltr'>quis</span> <span class='ocrx_word' id='word_1_414' title='bbox 600 2456 667 2482; x_wconf 92' lang='lat' dir='ltr'>enim</span> <span class='ocrx_word' id='word_1_415' title='bbox 688 2456 751 2487; x_wconf 85' lang='lat' dir='ltr'>quid</span> <span class='ocrx_word' id='word_1_416' title='bbox 770 2465 837 2489; x_wconf 84' lang='lat' dir='ltr'>papa</span> <span class='ocrx_word' id='word_1_417' title='bbox 856 2456 959 2482; x_wconf 84' lang='lat' dir='ltr'>iuberet</span> 
     </span>
     <span class='ocr_line' id='line_1_56' title="bbox 259 2490 886 2523; baseline -0.002 -6"><span class='ocrx_word' id='word_1_418' title='bbox 259 2492 322 2517; x_wconf 85' lang='lat' dir='ltr'>Non</span> <span class='ocrx_word' id='word_1_419' title='bbox 342 2492 442 2516; x_wconf 85' lang='lat' dir='ltr'>faceret</span> <span class='ocrx_word' id='word_1_420' title='bbox 462 2496 583 2523; x_wconf 83' lang='lat' dir='ltr'>prompta</span> <span class='ocrx_word' id='word_1_421' title='bbox 602 2490 766 2522; x_wconf 77' lang='lat' dir='ltr'>sollicitaque</span> <span class='ocrx_word' id='word_1_422' title='bbox 784 2492 886 2516; x_wconf 63' lang='lat' dir='ltr'>manu?</span> 
     </span>
    </p>

    <p class='ocr_par' dir='ltr' id='par_1_12' title="bbox 260 2523 1037 2592">
     <span class='ocr_line' id='line_1_57' title="bbox 260 2523 1037 2557; baseline 0.001 -8"><span class='ocrx_word' id='word_1_423' title='bbox 260 2524 302 2550; x_wconf 86' lang='lat' dir='ltr'>Te</span> <span class='ocrx_word' id='word_1_424' title='bbox 320 2525 387 2551; x_wconf 87' lang='lat' dir='ltr'>duce</span> <span class='ocrx_word' id='word_1_425' title='bbox 406 2526 494 2550; x_wconf 85' lang='lat' dir='ltr'>sancte</span> <span class='ocrx_word' id='word_1_426' title='bbox 514 2528 591 2557; x_wconf 83' lang='lat' dir='ltr'>pater</span> <span class='ocrx_word' id='word_1_427' title='bbox 611 2526 751 2550; x_wconf 85' lang='lat' dir='ltr'>tentabunt</span> <span class='ocrx_word' id='word_1_428' title='bbox 772 2526 859 2550; x_wconf 88' lang='lat' dir='ltr'>nostra</span> <span class='ocrx_word' id='word_1_429' title='bbox 880 2523 1037 2557; x_wconf 79' lang='lat' dir='ltr'>profundum</span> 
     </span>
     <span class='ocr_line' id='line_1_58' title="bbox 261 2559 824 2592; baseline -0.002 -8"><span class='ocrx_word' id='word_1_430' title='bbox 261 2559 335 2584; x_wconf 87' lang='lat' dir='ltr'>Vela.</span> <span class='ocrx_word' id='word_1_431' title='bbox 356 2559 497 2592; x_wconf 84' lang='lat' dir='ltr'>periclosas</span> <span class='ocrx_word' id='word_1_432' title='bbox 517 2567 565 2584; x_wconf 83' lang='lat' dir='ltr'>nec</span> <span class='ocrx_word' id='word_1_433' title='bbox 584 2563 715 2591; x_wconf 81' lang='lat' dir='ltr'>patiemur</span> <span class='ocrx_word' id='word_1_434' title='bbox 734 2567 824 2590; x_wconf 85' lang='lat' dir='ltr'>aquas.</span> 
     </span>
    </p>

    <p class='ocr_par' dir='ltr' id='par_1_13' title="bbox 260 2592 933 2660">
     <span class='ocr_line' id='line_1_59' title="bbox 262 2592 933 2625; baseline 0.003 -8"><span class='ocrx_word' id='word_1_435' title='bbox 262 2592 315 2618; x_wconf 82' lang='lat' dir='ltr'>Sed</span> <span class='ocrx_word' id='word_1_436' title='bbox 329 2602 410 2625; x_wconf 79' lang='lat' dir='ltr'>genus</span> <span class='ocrx_word' id='word_1_437' title='bbox 430 2593 480 2619; x_wconf 89' lang='lat' dir='ltr'>hoc</span> <span class='ocrx_word' id='word_1_438' title='bbox 498 2593 569 2618; x_wconf 85' lang='lat' dir='ltr'>verbi</span> <span class='ocrx_word' id='word_1_439' title='bbox 589 2597 701 2625; x_wconf 88' lang='lat' dir='ltr'>ponetur</span> <span class='ocrx_word' id='word_1_440' title='bbox 720 2592 745 2617; x_wconf 90' lang='lat' dir='ltr'>in</span> <span class='ocrx_word' id='word_1_441' title='bbox 763 2601 810 2618; x_wconf 84' lang='lat' dir='ltr'>ore</span> <span class='ocrx_word' id='word_1_442' title='bbox 830 2596 933 2619; x_wconf 83' lang='lat' dir='ltr'>tuorum</span> 
     </span>
     <span class='ocr_line' id='line_1_60' title="bbox 260 2626 802 2660; baseline 0 -9"><span class='ocrx_word' id='word_1_443' title='bbox 260 2626 297 2651; x_wconf 92' lang='lat' dir='ltr'>Et</span> <span class='ocrx_word' id='word_1_444' title='bbox 316 2628 347 2653; x_wconf 81' lang='lat' dir='ltr'>sic</span> <span class='ocrx_word' id='word_1_445' title='bbox 365 2629 526 2660; x_wconf 77' lang='lat' dir='ltr'>praepositos</span> <span class='ocrx_word' id='word_1_446' title='bbox 544 2627 581 2652; x_wconf 87' lang='lat' dir='ltr'>ire</span> <span class='ocrx_word' id='word_1_447' title='bbox 600 2627 693 2652; x_wconf 86' lang='lat' dir='ltr'>videbo</span> <span class='ocrx_word' id='word_1_448' title='bbox 714 2626 802 2659; x_wconf 82' lang='lat' dir='ltr'>pedes.</span> 
     </span>
    </p>

    <p class='ocr_par' dir='ltr' id='par_1_14' title="bbox 263 2660 809 2694">
     <span class='ocr_line' id='line_1_61' title="bbox 263 2660 809 2694; baseline 0 -9"><span class='ocrx_word' id='word_1_449' title='bbox 263 2661 383 2692; x_wconf 80' lang='lat' dir='ltr'>At&#39;pirent</span> <span class='ocrx_word' id='word_1_450' title='bbox 400 2661 480 2694; x_wconf 83' lang='lat' dir='ltr'>igitur</span> <span class='ocrx_word' id='word_1_451' title='bbox 499 2661 621 2694; x_wconf 86' lang='lat' dir='ltr'>susceptis</span> <span class='ocrx_word' id='word_1_452' title='bbox 640 2662 752 2687; x_wconf 81' lang='lat' dir='ltr'>versibus</span> <span class='ocrx_word' id='word_1_453' title='bbox 771 2660 809 2693; x_wconf 83' lang='lat' dir='ltr'>illj</span> 
     </span>
    </p>

    <p class='ocr_par' dir='ltr' id='par_1_15' title="bbox 262 2693 906 2762">
     <span class='ocr_line' id='line_1_62' title="bbox 262 2693 906 2732; baseline 0 -12"><span class='ocrx_word' id='word_1_454' title='bbox 262 2695 380 2732; x_wconf 77' lang='lat' dir='ltr'>Quorum</span> <span class='ocrx_word' id='word_1_455' title='bbox 400 2699 488 2728; x_wconf 84' lang='lat' dir='ltr'>preter</span> <span class='ocrx_word' id='word_1_456' title='bbox 506 2704 582 2728; x_wconf 87' lang='lat' dir='ltr'>opem</span> <span class='ocrx_word' id='word_1_457' title='bbox 602 2694 682 2728; x_wconf 81' lang='lat' dir='ltr'>spirat</span> <span class='ocrx_word' id='word_1_458' title='bbox 700 2695 725 2720; x_wconf 91' lang='lat' dir='ltr'>in</span> <span class='ocrx_word' id='word_1_459' title='bbox 744 2696 807 2720; x_wconf 76' lang='lat' dir='ltr'>orbe</span> <span class='ocrx_word' id='word_1_460' title='bbox 825 2693 906 2720; x_wconf 88' lang='lat' dir='ltr'>nichil</span> 
     </span>
     <span class='ocr_line' id='line_1_63' title="bbox 262 2728 875 2762; baseline 0 -7"><span class='ocrx_word' id='word_1_461' title='bbox 262 2729 304 2762; x_wconf 76' lang='lat' dir='ltr'>Dlj</span> <span class='ocrx_word' id='word_1_462' title='bbox 322 2728 401 2755; x_wconf 85' lang='lat' dir='ltr'>michi</span> <span class='ocrx_word' id='word_1_463' title='bbox 418 2729 538 2756; x_wconf 77' lang='lat' dir='ltr'>difficiles</span> <span class='ocrx_word' id='word_1_464' title='bbox 556 2729 665 2756; x_wconf 81' lang='lat' dir='ltr'>audenti</span> <span class='ocrx_word' id='word_1_465' title='bbox 684 2730 753 2757; x_wconf 82' lang='lat' dir='ltr'>ferre</span> <span class='ocrx_word' id='word_1_466' title='bbox 771 2730 875 2755; x_wconf 81' lang='lat' dir='ltr'>labores</span> 
     </span>
    </p>
   </div>
   <div class='ocr_carea' id='block_1_8' title="bbox 1194 856 1201 2047">
    <p class='ocr_par' dir='ltr' id='par_1_16' title="bbox 1194 856 1201 2047">
     <span class='ocr_line' id='line_1_64' title="bbox 1194 856 1201 2047; baseline 0 0"><span class='ocrx_word' id='word_1_467' title='bbox 1194 856 1201 2047; x_wconf 95' lang='lat' dir='ltr'> </span> 
     </span>
    </p>
   </div>
   <div class='ocr_carea' id='block_1_9' title="bbox 1330 293 2266 1278">
    <p class='ocr_par' dir='ltr' id='par_1_17' title="bbox 1332 293 1881 329">
     <span class='ocr_line' id='line_1_65' title="bbox 1332 293 1881 329; baseline -0.005 -7"><span class='ocrx_word' id='word_1_468' title='bbox 1332 297 1455 329; x_wconf 64' lang='lat' dir='ltr'>Tangere</span> <span class='ocrx_word' id='word_1_469' title='bbox 1474 296 1591 328; x_wconf 83' lang='lat' dir='ltr'>speratos</span> <span class='ocrx_word' id='word_1_470' title='bbox 1609 303 1672 327; x_wconf 85' lang='lat' dir='ltr'>sepe</span> <span class='ocrx_word' id='word_1_471' title='bbox 1691 293 1788 320; x_wconf 80' lang='lat' dir='ltr'>dedere</span> <span class='ocrx_word' id='word_1_472' title='bbox 1807 295 1881 319; x_wconf 81' lang='lat' dir='ltr'>[inus.</span> 
     </span>
    </p>

    <p class='ocr_par' dir='ltr' id='par_1_18' title="bbox 1330 328 1962 397">
     <span class='ocr_line' id='line_1_66' title="bbox 1332 328 1962 362; baseline -0.003 -6"><span class='ocrx_word' id='word_1_473' title='bbox 1332 331 1489 356; x_wconf 81' lang='lat' dir='ltr'>Multotiens</span> <span class='ocrx_word' id='word_1_474' title='bbox 1509 330 1585 362; x_wconf 81' lang='lat' dir='ltr'>ntetrj</span> <span class='ocrx_word' id='word_1_475' title='bbox 1606 329 1666 354; x_wconf 87' lang='lat' dir='ltr'>dum</span> <span class='ocrx_word' id='word_1_476' title='bbox 1686 337 1727 354; x_wconf 87' lang='lat' dir='ltr'>me</span> <span class='ocrx_word' id='word_1_477' title='bbox 1746 329 1849 353; x_wconf 74' lang='lat' dir='ltr'>lassaret</span> <span class='ocrx_word' id='word_1_478' title='bbox 1869 328 1962 354; x_wconf 74' lang='lat' dir='ltr'>abissus</span> 
     </span>
     <span class='ocr_line' id='line_1_67' title="bbox 1330 362 1886 397; baseline -0.005 -7"><span class='ocrx_word' id='word_1_479' title='bbox 1330 366 1460 397; x_wconf 71' lang='lat' dir='ltr'>Prospera</span> <span class='ocrx_word' id='word_1_480' title='bbox 1479 364 1616 395; x_wconf 74' lang='lat' dir='ltr'>tluctivage</span> <span class='ocrx_word' id='word_1_481' title='bbox 1636 364 1693 388; x_wconf 85' lang='lat' dir='ltr'>vela</span> <span class='ocrx_word' id='word_1_482' title='bbox 1713 363 1808 388; x_wconf 84' lang='lat' dir='ltr'>dedere</span> <span class='ocrx_word' id='word_1_483' title='bbox 1827 362 1886 388; x_wconf 81' lang='lat' dir='ltr'>rati.</span> 
     </span>
    </p>

    <p class='ocr_par' dir='ltr' id='par_1_19' title="bbox 1330 396 2007 464">
     <span class='ocr_line' id='line_1_68' title="bbox 1330 396 2007 429; baseline -0.003 -5"><span class='ocrx_word' id='word_1_484' title='bbox 1330 401 1383 424; x_wconf 80' lang='lat' dir='ltr'>vos</span> <span class='ocrx_word' id='word_1_485' title='bbox 1399 399 1477 424; x_wconf 80' lang='lat' dir='ltr'>ctiam</span> <span class='ocrx_word' id='word_1_486' title='bbox 1495 398 1592 422; x_wconf 86' lang='lat' dir='ltr'>domini</span> <span class='ocrx_word' id='word_1_487' title='bbox 1611 405 1720 429; x_wconf 87' lang='lat' dir='ltr'>quorum</span> <span class='ocrx_word' id='word_1_488' title='bbox 1739 396 1866 428; x_wconf 81' lang='lat' dir='ltr'>patientia</span> <span class='ocrx_word' id='word_1_489' title='bbox 1885 400 1948 422; x_wconf 76' lang='lat' dir='ltr'>nota</span> <span class='ocrx_word' id='word_1_490' title='bbox 1966 400 2007 422; x_wconf 86' lang='lat' dir='ltr'>est</span> 
     </span>
     <span class='ocr_line' id='line_1_69' title="bbox 1331 431 1878 464; baseline -0.005 -6"><span class='ocrx_word' id='word_1_491' title='bbox 1331 436 1388 458; x_wconf 83' lang='lat' dir='ltr'>Non</span> <span class='ocrx_word' id='word_1_492' title='bbox 1408 435 1474 457; x_wconf 82' lang='lat' dir='ltr'>bene</span> <span class='ocrx_word' id='word_1_493' title='bbox 1489 432 1578 456; x_wconf 87' lang='lat' dir='ltr'>limato</span> <span class='ocrx_word' id='word_1_494' title='bbox 1598 431 1696 464; x_wconf 74' lang='lat' dir='ltr'>parcite</span> <span class='ocrx_word' id='word_1_495' title='bbox 1715 432 1792 462; x_wconf 80' lang='lat' dir='ltr'>queso</span> <span class='ocrx_word' id='word_1_496' title='bbox 1813 431 1878 456; x_wconf 85' lang='lat' dir='ltr'>stilo.</span> 
     </span>
    </p>

    <p class='ocr_par' dir='ltr' id='par_1_20' title="bbox 1331 463 2014 531">
     <span class='ocr_line' id='line_1_70' title="bbox 1331 463 2014 498; baseline -0.004 -6"><span class='ocrx_word' id='word_1_497' title='bbox 1331 466 1461 493; x_wconf 76' lang='lat' dir='ltr'>Plurimus</span> <span class='ocrx_word' id='word_1_498' title='bbox 1482 466 1615 498; x_wconf 72' lang='lat' dir='ltr'>impugnat.</span> <span class='ocrx_word' id='word_1_499' title='bbox 1635 473 1731 490; x_wconf 85' lang='lat' dir='ltr'>romam</span> <span class='ocrx_word' id='word_1_500' title='bbox 1749 465 1891 490; x_wconf 78' lang='lat' dir='ltr'>detractor.</span> <span class='ocrx_word' id='word_1_501' title='bbox 1914 467 1941 490; x_wconf 84' lang='lat' dir='ltr'>et</span> <span class='ocrx_word' id='word_1_502' title='bbox 1960 463 2014 496; x_wconf 77' lang='lat' dir='ltr'>ipsa</span> 
     </span>
     <span class='ocr_line' id='line_1_71' title="bbox 1333 500 1901 531; baseline -0.005 -5"><span class='ocrx_word' id='word_1_503' title='bbox 1333 501 1411 527; x_wconf 83' lang='lat' dir='ltr'>Curia</span> <span class='ocrx_word' id='word_1_504' title='bbox 1431 502 1569 525; x_wconf 86' lang='lat' dir='ltr'>multorum</span> <span class='ocrx_word' id='word_1_505' title='bbox 1588 501 1708 524; x_wconf 72' lang='lat' dir='ltr'>mortibus</span> <span class='ocrx_word' id='word_1_506' title='bbox 1731 500 1800 524; x_wconf 85' lang='lat' dir='ltr'>alma</span> <span class='ocrx_word' id='word_1_507' title='bbox 1819 502 1901 531; x_wconf 83' lang='lat' dir='ltr'>patet.</span> 
     </span>
    </p>

    <p class='ocr_par' dir='ltr' id='par_1_21' title="bbox 1330 532 2084 599">
     <span class='ocr_line' id='line_1_72' title="bbox 1330 532 2084 567; baseline -0.004 -7"><span class='ocrx_word' id='word_1_508' title='bbox 1330 539 1367 561; x_wconf 90' lang='lat' dir='ltr'>At</span> <span class='ocrx_word' id='word_1_509' title='bbox 1387 535 1447 567; x_wconf 82' lang='lat' dir='ltr'>qnid</span> <span class='ocrx_word' id='word_1_510' title='bbox 1466 542 1544 566; x_wconf 87' lang='lat' dir='ltr'>quum</span> <span class='ocrx_word' id='word_1_511' title='bbox 1564 535 1578 558; x_wconf 83' lang='lat' dir='ltr'>li</span> <span class='ocrx_word' id='word_1_512' title='bbox 1598 538 1680 558; x_wconf 81' lang='lat' dir='ltr'>metra</span> <span class='ocrx_word' id='word_1_513' title='bbox 1699 538 1798 565; x_wconf 84' lang='lat' dir='ltr'>queunt</span> <span class='ocrx_word' id='word_1_514' title='bbox 1819 533 1861 558; x_wconf 83' lang='lat' dir='ltr'>ubi</span> <span class='ocrx_word' id='word_1_515' title='bbox 1882 534 1962 558; x_wconf 89' lang='lat' dir='ltr'>sermo</span> <span class='ocrx_word' id='word_1_516' title='bbox 1981 532 2084 558; x_wconf 86' lang='lat' dir='ltr'>laborat</span> 
     </span>
     <span class='ocr_line' id='line_1_73' title="bbox 1332 566 1915 599; baseline -0.003 -5"><span class='ocrx_word' id='word_1_517' title='bbox 1332 569 1454 595; x_wconf 80' lang='lat' dir='ltr'>Carmine</span> <span class='ocrx_word' id='word_1_518' title='bbox 1476 567 1628 593; x_wconf 86' lang='lat' dir='ltr'>concludam</span> <span class='ocrx_word' id='word_1_519' title='bbox 1647 567 1733 599; x_wconf 78' lang='lat' dir='ltr'>lingua</span> <span class='ocrx_word' id='word_1_520' title='bbox 1752 567 1841 592; x_wconf 86' lang='lat' dir='ltr'>dolosa</span> <span class='ocrx_word' id='word_1_521' title='bbox 1861 566 1915 592; x_wconf 87' lang='lat' dir='ltr'>tihi.</span> 
     </span>
    </p>

    <p class='ocr_par' dir='ltr' id='par_1_22' title="bbox 1332 601 1965 635">
     <span class='ocr_line' id='line_1_74' title="bbox 1332 601 1965 635; baseline -0.005 -6"><span class='ocrx_word' id='word_1_522' title='bbox 1332 604 1367 629; x_wconf 81' lang='lat' dir='ltr'>Et</span> <span class='ocrx_word' id='word_1_523' title='bbox 1388 612 1454 635; x_wconf 84' lang='lat' dir='ltr'>pape</span> <span class='ocrx_word' id='word_1_524' title='bbox 1473 602 1592 627; x_wconf 84' lang='lat' dir='ltr'>defensor</span> <span class='ocrx_word' id='word_1_525' title='bbox 1610 610 1664 626; x_wconf 85' lang='lat' dir='ltr'>ero.</span> <span class='ocrx_word' id='word_1_526' title='bbox 1701 606 1835 632; x_wconf 79' lang='lat' dir='ltr'>metroque</span> <span class='ocrx_word' id='word_1_527' title='bbox 1857 601 1965 633; x_wconf 82' lang='lat' dir='ltr'>perennj</span> 
     </span>
    </p>

    <p class='ocr_par' dir='ltr' id='par_1_23' title="bbox 1332 634 1913 666">
     <span class='ocr_line' id='line_1_75' title="bbox 1332 634 1913 666; baseline -0.005 -4"><span class='ocrx_word' id='word_1_528' title='bbox 1332 639 1390 663; x_wconf 80' lang='lat' dir='ltr'>Nec</span> <span class='ocrx_word' id='word_1_529' title='bbox 1410 646 1468 662; x_wconf 80' lang='lat' dir='ltr'>mea</span> <span class='ocrx_word' id='word_1_530' title='bbox 1486 636 1591 662; x_wconf 84' lang='lat' dir='ltr'>cetl&#39;abit</span> <span class='ocrx_word' id='word_1_531' title='bbox 1609 644 1682 660; x_wconf 85' lang='lat' dir='ltr'>musa</span> <span class='ocrx_word' id='word_1_532' title='bbox 1701 634 1789 659; x_wconf 84' lang='lat' dir='ltr'>iuvare</span> <span class='ocrx_word' id='word_1_533' title='bbox 1805 640 1913 666; x_wconf 84' lang='lat' dir='ltr'>patrem.</span> 
     </span>
    </p>

    <p class='ocr_par' dir='ltr' id='par_1_24' title="bbox 1331 668 2009 734">
     <span class='ocr_line' id='line_1_76' title="bbox 1332 668 2009 702; baseline -0.007 -5"><span class='ocrx_word' id='word_1_534' title='bbox 1332 673 1392 697; x_wconf 88' lang='lat' dir='ltr'>Non</span> <span class='ocrx_word' id='word_1_535' title='bbox 1413 671 1492 702; x_wconf 60' lang='lat' dir='ltr'>igitur</span> <span class='ocrx_word' id='word_1_536' title='bbox 1510 670 1583 695; x_wconf 87' lang='lat' dir='ltr'>nobis</span> <span class='ocrx_word' id='word_1_537' title='bbox 1600 670 1672 694; x_wconf 82' lang='lat' dir='ltr'>labor</span> <span class='ocrx_word' id='word_1_538' title='bbox 1691 668 1732 693; x_wconf 86' lang='lat' dir='ltr'>hic</span> <span class='ocrx_word' id='word_1_539' title='bbox 1750 669 1922 700; x_wconf 83' lang='lat' dir='ltr'>componitur.</span> <span class='ocrx_word' id='word_1_540' title='bbox 1949 675 2009 700; x_wconf 88' lang='lat' dir='ltr'>ymo</span> 
     </span>
     <span class='ocr_line' id='line_1_77' title="bbox 1331 703 1968 734; baseline -0.008 -3"><span class='ocrx_word' id='word_1_541' title='bbox 1331 705 1484 731; x_wconf 74' lang='lat' dir='ltr'>Det‘endunt</span> <span class='ocrx_word' id='word_1_542' title='bbox 1503 705 1598 729; x_wconf 82' lang='lat' dir='ltr'>sacrum</span> <span class='ocrx_word' id='word_1_543' title='bbox 1618 703 1734 729; x_wconf 83' lang='lat' dir='ltr'>carmina</span> <span class='ocrx_word' id='word_1_544' title='bbox 1752 703 1839 727; x_wconf 83' lang='lat' dir='ltr'>nostra</span> <span class='ocrx_word' id='word_1_545' title='bbox 1859 706 1968 734; x_wconf 80' lang='lat' dir='ltr'>patrem.</span> 
     </span>
    </p>

    <p class='ocr_par' dir='ltr' id='par_1_25' title="bbox 1332 733 2266 806">
     <span class='ocr_line' id='line_1_78' title="bbox 1333 733 2266 771; baseline -0.006 -6"><span class='ocrx_word' id='word_1_546' title='bbox 1333 741 1368 765; x_wconf 83' lang='lat' dir='ltr'>Et</span> <span class='ocrx_word' id='word_1_547' title='bbox 1388 739 1444 771; x_wconf 83' lang='lat' dir='ltr'>quis</span> <span class='ocrx_word' id='word_1_548' title='bbox 1463 747 1514 763; x_wconf 94' lang='lat' dir='ltr'>non</span> <span class='ocrx_word' id='word_1_549' title='bbox 1534 738 1653 763; x_wconf 76' lang='lat' dir='ltr'>defensus</span> <span class='ocrx_word' id='word_1_550' title='bbox 1674 737 1723 762; x_wconf 87' lang='lat' dir='ltr'>erit</span> <span class='ocrx_word' id='word_1_551' title='bbox 1741 745 1818 768; x_wconf 83' lang='lat' dir='ltr'>quem</span> <span class='ocrx_word' id='word_1_552' title='bbox 1838 736 1953 761; x_wconf 84' lang='lat' dir='ltr'>carmina</span> <span class='ocrx_word' id='word_1_553' title='bbox 1970 733 2069 768; x_wconf 78' lang='lat' dir='ltr'>magnis</span> <span class='ocrx_word' id='word_1_554' title='bbox 2254 756 2266 765; x_wconf 64' lang='lat'>,</span> 
     </span>
     <span class='ocr_line' id='line_1_79' title="bbox 1332 770 1923 806; baseline -0.007 -7"><span class='ocrx_word' id='word_1_555' title='bbox 1332 775 1460 806; x_wconf 84' lang='lat' dir='ltr'>Equalem</span> <span class='ocrx_word' id='word_1_556' title='bbox 1481 772 1577 804; x_wconf 86' lang='lat' dir='ltr'>superis</span> <span class='ocrx_word' id='word_1_557' title='bbox 1597 773 1691 797; x_wconf 84' lang='lat' dir='ltr'>tollere</span> <span class='ocrx_word' id='word_1_558' title='bbox 1712 770 1788 795; x_wconf 80' lang='lat' dir='ltr'>laude</span> <span class='ocrx_word' id='word_1_559' title='bbox 1807 771 1923 795; x_wconf 66' lang='lat' dir='ltr'>volunt?</span> 
     </span>
    </p>

    <p class='ocr_par' dir='ltr' id='par_1_26' title="bbox 1332 804 1996 872">
     <span class='ocr_line' id='line_1_80' title="bbox 1332 804 1996 837; baseline -0.008 -4"><span class='ocrx_word' id='word_1_560' title='bbox 1332 809 1392 833; x_wconf 81' lang='lat' dir='ltr'>Hec</span> <span class='ocrx_word' id='word_1_561' title='bbox 1407 809 1464 832; x_wconf 90' lang='lat' dir='ltr'>sunt</span> <span class='ocrx_word' id='word_1_562' title='bbox 1483 808 1536 832; x_wconf 86' lang='lat' dir='ltr'>tela</span> <span class='ocrx_word' id='word_1_563' title='bbox 1555 806 1648 837; x_wconf 84' lang='lat' dir='ltr'>quibus</span> <span class='ocrx_word' id='word_1_564' title='bbox 1667 814 1716 830; x_wconf 88' lang='lat' dir='ltr'>non</span> <span class='ocrx_word' id='word_1_565' title='bbox 1736 806 1774 829; x_wconf 86' lang='lat' dir='ltr'>est</span> <span class='ocrx_word' id='word_1_566' title='bbox 1792 805 1920 829; x_wconf 81' lang='lat' dir='ltr'>obsistere.</span> <span class='ocrx_word' id='word_1_567' title='bbox 1941 804 1996 829; x_wconf 85' lang='lat' dir='ltr'>tela</span> 
     </span>
     <span class='ocr_line' id='line_1_81' title="bbox 1333 838 1837 872; baseline -0.006 -6"><span class='ocrx_word' id='word_1_568' title='bbox 1333 841 1463 866; x_wconf 84' lang='lat' dir='ltr'>Carminis</span> <span class='ocrx_word' id='word_1_569' title='bbox 1483 840 1617 872; x_wconf 75' lang='lat' dir='ltr'>attingunt</span> <span class='ocrx_word' id='word_1_570' title='bbox 1636 839 1762 864; x_wconf 83' lang='lat' dir='ltr'>interiora</span> <span class='ocrx_word' id='word_1_571' title='bbox 1779 838 1837 863; x_wconf 85' lang='lat' dir='ltr'>viri.</span> 
     </span>
    </p>

    <p class='ocr_par' dir='ltr' id='par_1_27' title="bbox 1333 869 2034 941">
     <span class='ocr_line' id='line_1_82' title="bbox 1333 869 2034 907; baseline -0.009 -6"><span class='ocrx_word' id='word_1_572' title='bbox 1333 876 1393 901; x_wconf 81' lang='lat' dir='ltr'>Hoc</span> <span class='ocrx_word' id='word_1_573' title='bbox 1411 883 1492 907; x_wconf 80' lang='lat' dir='ltr'>genus</span> <span class='ocrx_word' id='word_1_574' title='bbox 1510 883 1639 900; x_wconf 84' lang='lat' dir='ltr'>armorum</span> <span class='ocrx_word' id='word_1_575' title='bbox 1658 873 1742 905; x_wconf 87' lang='lat' dir='ltr'>clipeo</span> <span class='ocrx_word' id='word_1_576' title='bbox 1761 872 1909 897; x_wconf 85' lang='lat' dir='ltr'>dominatur</span> <span class='ocrx_word' id='word_1_577' title='bbox 1931 869 2034 897; x_wconf 76' lang='lat' dir='ltr'>achillis</span> 
     </span>
     <span class='ocr_line' id='line_1_83' title="bbox 1334 906 1881 941; baseline -0.007 -7"><span class='ocrx_word' id='word_1_578' title='bbox 1334 909 1439 934; x_wconf 79' lang='lat' dir='ltr'>Aiacem</span> <span class='ocrx_word' id='word_1_579' title='bbox 1460 910 1563 941; x_wconf 83' lang='lat' dir='ltr'>superat</span> <span class='ocrx_word' id='word_1_580' title='bbox 1581 907 1695 933; x_wconf 79' lang='lat' dir='ltr'>hectoris</span> <span class='ocrx_word' id='word_1_581' title='bbox 1713 915 1785 931; x_wconf 80' lang='lat' dir='ltr'>arma</span> <span class='ocrx_word' id='word_1_582' title='bbox 1806 906 1881 938; x_wconf 85' lang='lat' dir='ltr'>preit.</span> 
     </span>
    </p>

    <p class='ocr_par' dir='ltr' id='par_1_28' title="bbox 1333 939 1991 1009">
     <span class='ocr_line' id='line_1_84' title="bbox 1333 939 1991 969; baseline -0.008 0"><span class='ocrx_word' id='word_1_583' title='bbox 1333 944 1393 969; x_wconf 87' lang='lat' dir='ltr'>Hoc</span> <span class='ocrx_word' id='word_1_584' title='bbox 1413 945 1486 968; x_wconf 79' lang='lat' dir='ltr'>semel</span> <span class='ocrx_word' id='word_1_585' title='bbox 1509 943 1613 968; x_wconf 79' lang='lat' dir='ltr'>infixum</span> <span class='ocrx_word' id='word_1_586' title='bbox 1633 942 1704 967; x_wconf 80' lang='lat' dir='ltr'>[edet</span> <span class='ocrx_word' id='word_1_587' title='bbox 1725 940 1895 966; x_wconf 72' lang='lat' dir='ltr'>irrevocabile</span> <span class='ocrx_word' id='word_1_588' title='bbox 1911 939 1991 965; x_wconf 81' lang='lat' dir='ltr'>telum</span> 
     </span>
     <span class='ocr_line' id='line_1_85' title="bbox 1334 974 1838 1009; baseline -0.006 -7"><span class='ocrx_word' id='word_1_589' title='bbox 1334 976 1518 1009; x_wconf 67' lang='lat' dir='ltr'>investigatrix</span> <span class='ocrx_word' id='word_1_590' title='bbox 1536 985 1587 1002; x_wconf 89' lang='lat' dir='ltr'>non</span> <span class='ocrx_word' id='word_1_591' title='bbox 1607 974 1750 1001; x_wconf 80' lang='lat' dir='ltr'>removebIt</span> <span class='ocrx_word' id='word_1_592' title='bbox 1767 983 1838 1001; x_wconf 83' lang='lat' dir='ltr'>acus.</span> 
     </span>
    </p>

    <p class='ocr_par' dir='ltr' id='par_1_29' title="bbox 1333 1009 2043 1078">
     <span class='ocr_line' id='line_1_86' title="bbox 1333 1009 2043 1038; baseline -0.008 -1"><span class='ocrx_word' id='word_1_593' title='bbox 1333 1013 1394 1038; x_wconf 85' lang='lat' dir='ltr'>Non</span> <span class='ocrx_word' id='word_1_594' title='bbox 1415 1012 1497 1036; x_wconf 88' lang='lat' dir='ltr'>minus</span> <span class='ocrx_word' id='word_1_595' title='bbox 1517 1012 1648 1036; x_wconf 76' lang='lat' dir='ltr'>absentem</span> <span class='ocrx_word' id='word_1_596' title='bbox 1668 1014 1808 1035; x_wconf 84' lang='lat' dir='ltr'>metrorum</span> <span class='ocrx_word' id='word_1_597' title='bbox 1827 1009 1949 1033; x_wconf 80' lang='lat' dir='ltr'>vulnerat</span> <span class='ocrx_word' id='word_1_598' title='bbox 1967 1013 2043 1032; x_wconf 85' lang='lat' dir='ltr'>arcus</span> 
     </span>
     <span class='ocr_line' id='line_1_87' title="bbox 1335 1042 1936 1078; baseline -0.01 -7"><span class='ocrx_word' id='word_1_599' title='bbox 1335 1047 1420 1071; x_wconf 76' lang='lat' dir='ltr'>Quam</span> <span class='ocrx_word' id='word_1_600' title='bbox 1441 1047 1454 1070; x_wconf 82' lang='lat' dir='ltr'>st</span> <span class='ocrx_word' id='word_1_601' title='bbox 1475 1055 1520 1078; x_wconf 88' lang='lat' dir='ltr'>pro</span> <span class='ocrx_word' id='word_1_602' title='bbox 1541 1048 1609 1077; x_wconf 75' lang='lat' dir='ltr'>signo</span> <span class='ocrx_word' id='word_1_603' title='bbox 1629 1046 1679 1070; x_wconf 86' lang='lat' dir='ltr'>stet</span> <span class='ocrx_word' id='word_1_604' title='bbox 1696 1043 1829 1069; x_wconf 82' lang='lat' dir='ltr'>feriendus</span> <span class='ocrx_word' id='word_1_605' title='bbox 1851 1042 1936 1067; x_wconf 86' lang='lat' dir='ltr'>homo.</span> 
     </span>
    </p>

    <p class='ocr_par' dir='ltr' id='par_1_30' title="bbox 1334 1075 1922 1109">
     <span class='ocr_line' id='line_1_88' title="bbox 1334 1075 1922 1109; baseline -0.009 -4"><span class='ocrx_word' id='word_1_606' title='bbox 1334 1081 1378 1105; x_wconf 81' lang='lat' dir='ltr'>Sic</span> <span class='ocrx_word' id='word_1_607' title='bbox 1397 1080 1494 1105; x_wconf 82' lang='lat' dir='ltr'>feriunt</span> <span class='ocrx_word' id='word_1_608' title='bbox 1512 1079 1584 1105; x_wconf 76' lang='lat' dir='ltr'>vivos</span> <span class='ocrx_word' id='word_1_609' title='bbox 1605 1079 1697 1104; x_wconf 81' lang='lat' dir='ltr'>armati</span> <span class='ocrx_word' id='word_1_610' title='bbox 1718 1077 1813 1109; x_wconf 84' lang='lat' dir='ltr'>spicula</span> <span class='ocrx_word' id='word_1_611' title='bbox 1833 1075 1922 1101; x_wconf 81' lang='lat' dir='ltr'>nathis</span> 
     </span>
    </p>

    <p class='ocr_par' dir='ltr' id='par_1_31' title="bbox 1334 1110 1938 1144">
     <span class='ocr_line' id='line_1_89' title="bbox 1334 1110 1938 1144; baseline -0.01 -5"><span class='ocrx_word' id='word_1_612' title='bbox 1334 1115 1417 1139; x_wconf 82' lang='lat' dir='ltr'>Duret</span> <span class='ocrx_word' id='word_1_613' title='bbox 1437 1118 1465 1139; x_wconf 87' lang='lat' dir='ltr'>ut</span> <span class='ocrx_word' id='word_1_614' title='bbox 1485 1118 1603 1138; x_wconf 84' lang='lat' dir='ltr'>eternum</span> <span class='ocrx_word' id='word_1_615' title='bbox 1624 1114 1679 1144; x_wconf 86' lang='lat' dir='ltr'>pol&#39;t</span> <span class='ocrx_word' id='word_1_616' title='bbox 1701 1113 1743 1136; x_wconf 88' lang='lat' dir='ltr'>sua</span> <span class='ocrx_word' id='word_1_617' title='bbox 1762 1112 1836 1135; x_wconf 84' lang='lat' dir='ltr'>busta</span> <span class='ocrx_word' id='word_1_618' title='bbox 1855 1110 1938 1135; x_wconf 83' lang='lat' dir='ltr'>dolor.</span> 
     </span>
    </p>

    <p class='ocr_par' dir='ltr' id='par_1_32' title="bbox 1334 1142 2061 1242">
     <span class='ocr_line' id='line_1_90' title="bbox 1334 1142 2061 1179; baseline -0.008 -7"><span class='ocrx_word' id='word_1_619' title='bbox 1334 1149 1395 1173; x_wconf 69' lang='lat' dir='ltr'>Non</span> <span class='ocrx_word' id='word_1_620' title='bbox 1415 1147 1493 1179; x_wconf 74' lang='lat' dir='ltr'>igitur</span> <span class='ocrx_word' id='word_1_621' title='bbox 1511 1149 1590 1172; x_wconf 69' lang='lat' dir='ltr'>brexe</span> <span class='ocrx_word' id='word_1_622' title='bbox 1609 1148 1700 1171; x_wconf 81' lang='lat' dir='ltr'>vulnus</span> <span class='ocrx_word' id='word_1_623' title='bbox 1721 1145 1776 1169; x_wconf 78' lang='lat' dir='ltr'>hiat</span> <span class='ocrx_word' id='word_1_624' title='bbox 1798 1144 1927 1176; x_wconf 84' lang='lat' dir='ltr'>percutl&#39;us</span> <span class='ocrx_word' id='word_1_625' title='bbox 1946 1142 1977 1167; x_wconf 85' lang='lat' dir='ltr'>ab</span> <span class='ocrx_word' id='word_1_626' title='bbox 1998 1148 2061 1167; x_wconf 85' lang='lat' dir='ltr'>arcu</span> 
     </span>
     <span class='ocr_line' id='line_1_91' title="bbox 1338 1175 1992 1209; baseline -0.008 -4"><span class='ocrx_word' id='word_1_627' title='bbox 1338 1181 1475 1205; x_wconf 82' lang='lat' dir='ltr'>Carminis.</span> <span class='ocrx_word' id='word_1_628' title='bbox 1498 1181 1539 1205; x_wconf 81' lang='lat' dir='ltr'>hic</span> <span class='ocrx_word' id='word_1_629' title='bbox 1559 1189 1653 1205; x_wconf 81' lang='lat' dir='ltr'>nervus</span> <span class='ocrx_word' id='word_1_630' title='bbox 1672 1179 1765 1209; x_wconf 80' lang='lat' dir='ltr'>cuique</span> <span class='ocrx_word' id='word_1_631' title='bbox 1785 1177 1915 1202; x_wconf 83' lang='lat' dir='ltr'>timendus</span> <span class='ocrx_word' id='word_1_632' title='bbox 1934 1175 1992 1201; x_wconf 81' lang='lat' dir='ltr'>erit.</span> 
     </span>
     <span class='ocr_line' id='line_1_92' title="bbox 1336 1211 1903 1242; baseline -0.004 -5"><span class='ocrx_word' id='word_1_633' title='bbox 1336 1214 1435 1237; x_wconf 78' lang='lat' dir='ltr'>Contra</span> <span class='ocrx_word' id='word_1_634' title='bbox 1454 1222 1504 1237; x_wconf 89' lang='lat' dir='ltr'>non</span> <span class='ocrx_word' id='word_1_635' title='bbox 1524 1218 1565 1237; x_wconf 71' lang='lat' dir='ltr'>est</span> <span class='ocrx_word' id='word_1_636' title='bbox 1583 1213 1664 1238; x_wconf 82' lang='lat' dir='ltr'>maior</span> <span class='ocrx_word' id='word_1_637' title='bbox 1681 1211 1809 1236; x_wconf 82' lang='lat' dir='ltr'>medicina</span> <span class='ocrx_word' id='word_1_638' title='bbox 1828 1213 1903 1242; x_wconf 84' lang='lat' dir='ltr'>poesi</span> 
     </span>
    </p>

    <p class='ocr_par' dir='ltr' id='par_1_33' title="bbox 1334 1244 1830 1278">
     <span class='ocr_line' id='line_1_93' title="bbox 1334 1244 1830 1278; baseline -0.004 -7"><span class='ocrx_word' id='word_1_639' title='bbox 1334 1247 1417 1271; x_wconf 84' lang='lat' dir='ltr'>Sanat</span> <span class='ocrx_word' id='word_1_640' title='bbox 1439 1250 1465 1272; x_wconf 89' lang='lat' dir='ltr'>et</span> <span class='ocrx_word' id='word_1_641' title='bbox 1484 1247 1580 1272; x_wconf 69' lang='lat' dir='ltr'>oflensa</span> <span class='ocrx_word' id='word_1_642' title='bbox 1599 1248 1628 1272; x_wconf 76' lang='lat' dir='ltr'>fit</span> <span class='ocrx_word' id='word_1_643' title='bbox 1647 1245 1749 1278; x_wconf 73' lang='lat' dir='ltr'>tyriaca</span> <span class='ocrx_word' id='word_1_644' title='bbox 1767 1244 1830 1270; x_wconf 79' lang='lat' dir='ltr'>viro.</span> 
     </span>
    </p>
   </div>
   <div class='ocr_carea' id='block_1_10' title="bbox 1207 1292 2261 1715">
    <p class='ocr_par' dir='ltr' id='par_1_34' title="bbox 1207 1292 2261 1715">
     <span class='ocr_line' id='line_1_94' title="bbox 1215 1292 2258 1337; baseline -0.009 -10"><span class='ocrx_word' id='word_1_645' title='bbox 1215 1301 1293 1327; x_wconf 82' lang='lat' dir='ltr'>Tum</span> <span class='ocrx_word' id='word_1_646' title='bbox 1310 1310 1407 1327; x_wconf 81' lang='lat' dir='ltr'>versus</span> <span class='ocrx_word' id='word_1_647' title='bbox 1423 1304 1596 1337; x_wconf 83' lang='lat' dir='ltr'>sequuntur,</span> <span class='ocrx_word' id='word_1_648' title='bbox 1618 1309 1635 1327; x_wconf 90' lang='lat' dir='ltr'>a</span> <span class='ocrx_word' id='word_1_649' title='bbox 1651 1300 1755 1336; x_wconf 81' lang='lat' dir='ltr'>quibus</span> <span class='ocrx_word' id='word_1_650' title='bbox 1771 1307 1887 1325; x_wconf 87' lang='lat' dir='ltr'>carmen</span> <span class='ocrx_word' id='word_1_651' title='bbox 1902 1296 1931 1323; x_wconf 90' lang='lat' dir='ltr'>in</span> <span class='ocrx_word' id='word_1_652' title='bbox 1949 1294 2075 1322; x_wconf 85' lang='lat' dir='ltr'>editione</span> <span class='ocrx_word' id='word_1_653' title='bbox 2092 1301 2179 1329; x_wconf 84' lang='lat' dir='ltr'>supra</span> <span class='ocrx_word' id='word_1_654' title='bbox 2194 1292 2258 1319; x_wconf 86' lang='lat' dir='ltr'>lau-</span> 
     </span>
     <span class='ocr_line' id='line_1_95' title="bbox 1215 1332 2260 1380; baseline -0.01 -11"><span class='ocrx_word' id='word_1_655' title='bbox 1215 1342 1283 1370; x_wconf 87' lang='lat' dir='ltr'>data</span> <span class='ocrx_word' id='word_1_656' title='bbox 1317 1343 1430 1379; x_wconf 82' lang='lat' dir='ltr'>incipit:</span> <span class='ocrx_word' id='word_1_657' title='bbox 1466 1341 1572 1377; x_wconf 75' lang='lat' dir='ltr'>Nuper</span> <span class='ocrx_word' id='word_1_658' title='bbox 1594 1338 1762 1380; x_wconf 77' lang='lat' dir='ltr'>apostolica</span> <span class='ocrx_word' id='word_1_659' title='bbox 1781 1336 1953 1377; x_wconf 76' lang='lat' dir='ltr'>gaufredus</span> <span class='ocrx_word' id='word_1_660' title='bbox 1973 1334 2041 1364; x_wconf 80' lang='lat' dir='ltr'>sede</span> <span class='ocrx_word' id='word_1_661' title='bbox 2059 1334 2175 1362; x_wconf 76' lang='lat' dir='ltr'>relicta.</span> <span class='ocrx_word' id='word_1_662' title='bbox 2219 1332 2260 1360; x_wconf 81' lang='grc' dir='ltr'>Ιπ</span> 
     </span>
     <span class='ocr_line' id='line_1_96' title="bbox 1209 1373 2261 1420; baseline -0.009 -9"><span class='ocrx_word' id='word_1_663' title='bbox 1209 1385 1344 1420; x_wconf 73' lang='lat' dir='ltr'>patriam</span> <span class='ocrx_word' id='word_1_664' title='bbox 1366 1382 1485 1412; x_wconf 74' lang='lat' dir='ltr'>rediens</span> <span class='ocrx_word' id='word_1_665' title='bbox 1507 1389 1561 1412; x_wconf 88' lang='lat' dir='ltr'>cet.</span> <span class='ocrx_word' id='word_1_666' title='bbox 1604 1385 1719 1420; x_wconf 84' lang='lat' dir='ltr'>Explic.</span> <span class='ocrx_word' id='word_1_667' title='bbox 1751 1381 1840 1409; x_wconf 75' lang='lat' dir='ltr'>Hunc</span> <span class='ocrx_word' id='word_1_668' title='bbox 1862 1381 1927 1408; x_wconf 74' lang='lat' dir='ltr'>loca</span> <span class='ocrx_word' id='word_1_669' title='bbox 1944 1385 2014 1407; x_wconf 80' lang='lat' dir='ltr'>nola</span> <span class='ocrx_word' id='word_1_670' title='bbox 2043 1375 2153 1405; x_wconf 74' lang='lat' dir='ltr'>videm.</span> <span class='ocrx_word' id='word_1_671' title='bbox 2185 1373 2261 1403; x_wconf 74' lang='lat' dir='ltr'>liwnc</span> 
     </span>
     <span class='ocr_line' id='line_1_97' title="bbox 1213 1418 2257 1462; baseline -0.01 -9"><span class='ocrx_word' id='word_1_672' title='bbox 1213 1428 1375 1462; x_wconf 74' lang='lat' dir='ltr'>peregrina</span> <span class='ocrx_word' id='word_1_673' title='bbox 1397 1426 1507 1455; x_wconf 74' lang='lat' dir='ltr'>domus.</span> <span class='ocrx_word' id='word_1_674' title='bbox 1555 1425 1672 1462; x_wconf 72' lang='lat' dir='ltr'>[omissi</span> <span class='ocrx_word' id='word_1_675' title='bbox 1696 1425 1782 1462; x_wconf 79' lang='lat' dir='ltr'>igitur</span> <span class='ocrx_word' id='word_1_676' title='bbox 1798 1428 1865 1451; x_wconf 92' lang='lat' dir='ltr'>sunt</span> <span class='ocrx_word' id='word_1_677' title='bbox 1881 1423 1939 1450; x_wconf 91' lang='lat' dir='ltr'>duo</span> <span class='ocrx_word' id='word_1_678' title='bbox 1955 1430 2071 1455; x_wconf 86' lang='lat' dir='ltr'>versus,</span> <span class='ocrx_word' id='word_1_679' title='bbox 2092 1419 2139 1456; x_wconf 85' lang='lat' dir='ltr'>qui</span> <span class='ocrx_word' id='word_1_680' title='bbox 2158 1419 2186 1445; x_wconf 91' lang='lat' dir='ltr'>in</span> <span class='ocrx_word' id='word_1_681' title='bbox 2202 1418 2221 1445; x_wconf 86' lang='lat' dir='ltr'>l.</span> <span class='ocrx_word' id='word_1_682' title='bbox 2238 1418 2257 1444; x_wconf 91' lang='lat' dir='ltr'>l.</span> 
     </span>
     <span class='ocr_line' id='line_1_98' title="bbox 1215 1457 2260 1506; baseline -0.011 -10"><span class='ocrx_word' id='word_1_683' title='bbox 1215 1469 1369 1503; x_wconf 63' lang='lat' dir='ltr'>leguntur:</span> <span class='ocrx_word' id='word_1_684' title='bbox 1412 1468 1488 1504; x_wconf 78' lang='lat' dir='ltr'>Opto</span> <span class='ocrx_word' id='word_1_685' title='bbox 1514 1466 1689 1506; x_wconf 63' lang='lat' dir='ltr'>Clausi-cde,</span> <span class='ocrx_word' id='word_1_686' title='bbox 1721 1464 1801 1503; x_wconf 78' lang='lat' dir='ltr'>quod</span> <span class='ocrx_word' id='word_1_687' title='bbox 1818 1467 1878 1493; x_wconf 76' lang='lat' dir='ltr'>sint</span> <span class='ocrx_word' id='word_1_688' title='bbox 1899 1462 1956 1491; x_wconf 72' lang='lat' dir='ltr'>tihi</span> <span class='ocrx_word' id='word_1_689' title='bbox 1978 1461 2059 1490; x_wconf 74' lang='lat' dir='ltr'>mille</span> <span class='ocrx_word' id='word_1_690' title='bbox 2081 1460 2183 1488; x_wconf 74' lang='lat' dir='ltr'>valete.</span> <span class='ocrx_word' id='word_1_691' title='bbox 2233 1457 2260 1486; x_wconf 84' lang='grc'><strong>0</strong></span> 
     </span>
     <span class='ocr_line' id='line_1_99' title="bbox 1216 1504 2259 1548; baseline -0.01 -11"><span class='ocrx_word' id='word_1_692' title='bbox 1216 1512 1304 1538; x_wconf 71' lang='lat' dir='ltr'>miset·</span> <span class='ocrx_word' id='word_1_693' title='bbox 1319 1510 1457 1546; x_wconf 75' lang='lat' dir='ltr'>Aprilis,</span> <span class='ocrx_word' id='word_1_694' title='bbox 1481 1509 1530 1539; x_wconf 78' lang='lat' dir='ltr'>liic</span> <span class='ocrx_word' id='word_1_695' title='bbox 1543 1511 1616 1548; x_wconf 32' lang='lat' dir='ltr'>furit</span> <span class='ocrx_word' id='word_1_696' title='bbox 1638 1507 1844 1544; x_wconf 72' lang='lat' dir='ltr'>‹mtiphras1&#39;s.]</span> <span class='ocrx_word' id='word_1_697' title='bbox 1889 1505 2034 1541; x_wconf 77' lang='lat' dir='ltr'>Explicit</span> <span class='ocrx_word' id='word_1_698' title='bbox 2053 1504 2164 1540; x_wconf 76' lang='lat' dir='ltr'>yronia</span> <span class='ocrx_word' id='word_1_699' title='bbox 2183 1511 2259 1536; x_wconf 76' lang='lat' dir='ltr'>gau·</span> 
     </span>
     <span class='ocr_line' id='line_1_100' title="bbox 1207 1544 2259 1591; baseline -0.01 -11"><span class='ocrx_word' id='word_1_700' title='bbox 1207 1551 1310 1591; x_wconf 78' lang='lat' dir='ltr'>fridi.</span> <span class='ocrx_word' id='word_1_701' title='bbox 1360 1554 1421 1581; x_wconf 78' lang='lat' dir='ltr'>Fol.</span> <span class='ocrx_word' id='word_1_702' title='bbox 1440 1553 1466 1582; x_wconf 89' lang='lat'>1.</span> <span class='ocrx_word' id='word_1_703' title='bbox 1484 1563 1510 1580; x_wconf 90' lang='lat' dir='ltr'>a.</span> <span class='ocrx_word' id='word_1_704' title='bbox 1541 1553 1686 1589; x_wconf 70' lang='lat' dir='ltr'>adscripta</span> <span class='ocrx_word' id='word_1_705' title='bbox 1711 1555 1778 1578; x_wconf 85' lang='lat' dir='ltr'>sunt</span> <span class='ocrx_word' id='word_1_706' title='bbox 1802 1550 1905 1576; x_wconf 81' lang='lat' dir='ltr'>verba:</span> <span class='ocrx_word' id='word_1_707' title='bbox 1944 1548 2011 1583; x_wconf 78' lang='lat' dir='ltr'>„Ex</span> <span class='ocrx_word' id='word_1_708' title='bbox 2040 1544 2172 1573; x_wconf 85' lang='lat' dir='ltr'>biblioth.</span> <span class='ocrx_word' id='word_1_709' title='bbox 2194 1544 2259 1571; x_wconf 80' lang='lat' dir='ltr'>Nic.</span> 
     </span>
     <span class='ocr_line' id='line_1_101' title="bbox 1218 1586 2260 1628; baseline -0.011 -6"><span class='ocrx_word' id='word_1_710' title='bbox 1218 1595 1328 1622; x_wconf 78' lang='lat' dir='ltr'>Heiusii</span> <span class='ocrx_word' id='word_1_711' title='bbox 1352 1595 1427 1622; x_wconf 86' lang='lat' dir='ltr'>Dan.</span> <span class='ocrx_word' id='word_1_712' title='bbox 1456 1595 1487 1622; x_wconf 84' lang='lat' dir='ltr'>F.</span> <span class='ocrx_word' id='word_1_713' title='bbox 1519 1594 1655 1628; x_wconf 64' lang='lat' dir='ltr'>Lugduni</span> <span class='ocrx_word' id='word_1_714' title='bbox 1685 1593 1786 1620; x_wconf 81' lang='lat' dir='ltr'>Batav.</span> <span class='ocrx_word' id='word_1_715' title='bbox 1813 1591 2050 1618; x_wconf 61' lang='lat' dir='ltr'>clamenxxxin.</span> <span class='ocrx_word' id='word_1_716' title='bbox 2095 1586 2260 1614; x_wconf 84' lang='lat' dir='ltr'>Fridericus</span> 
     </span>
     <span class='ocr_line' id='line_1_102' title="bbox 1216 1625 2259 1673; baseline -0.011 -9"><span class='ocrx_word' id='word_1_717' title='bbox 1216 1637 1391 1664; x_wconf 81' lang='lat' dir='ltr'>Benedictus</span> <span class='ocrx_word' id='word_1_718' title='bbox 1408 1629 1585 1673; x_wconf 76' lang='lat' dir='ltr'>Carpzovius</span> <span class='ocrx_word' id='word_1_719' title='bbox 1610 1635 1687 1661; x_wconf 90' lang='lat' dir='ltr'>hunc</span> <span class='ocrx_word' id='word_1_720' title='bbox 1709 1634 1762 1661; x_wconf 84' lang='lat' dir='ltr'>sibi</span> <span class='ocrx_word' id='word_1_721' title='bbox 1778 1633 1916 1660; x_wconf 84' lang='lat' dir='ltr'>Codicem</span> <span class='ocrx_word' id='word_1_722' title='bbox 1937 1626 2147 1667; x_wconf 80' lang='lat' dir='ltr'>comparavit.“</span> <span class='ocrx_word' id='word_1_723' title='bbox 2191 1625 2259 1655; x_wconf 74' lang='lat' dir='ltr'>vid.</span> 
     </span>
     <span class='ocr_line' id='line_1_103' title="bbox 1217 1676 1730 1715; baseline -0.004 -10"><span class='ocrx_word' id='word_1_724' title='bbox 1217 1679 1328 1705; x_wconf 81' lang='lat' dir='ltr'>Heinsii</span> <span class='ocrx_word' id='word_1_725' title='bbox 1344 1678 1427 1705; x_wconf 90' lang='lat' dir='ltr'>catal.</span> <span class='ocrx_word' id='word_1_726' title='bbox 1443 1688 1473 1715; x_wconf 89' lang='lat' dir='ltr'>p.</span> <span class='ocrx_word' id='word_1_727' title='bbox 1489 1678 1526 1704; x_wconf 90' lang='lat'>11.</span> <span class='ocrx_word' id='word_1_728' title='bbox 1541 1686 1608 1715; x_wconf 82' lang='lat' dir='ltr'>pag.</span> <span class='ocrx_word' id='word_1_729' title='bbox 1624 1676 1675 1705; x_wconf 76' lang='lat'>89.</span> <span class='ocrx_word' id='word_1_730' title='bbox 1693 1692 1730 1697; x_wconf 91' lang='lat'>—-</span> 
     </span>
    </p>
   </div>
   <div class='ocr_carea' id='block_1_11' title="bbox 1611 1748 1867 1839">
    <p class='ocr_par' dir='ltr' id='par_1_35' title="bbox 1611 1748 1867 1839">
     <span class='ocr_line' id='line_1_104' title="bbox 1665 1748 1806 1785; baseline 0.007 -1"><span class='ocrx_word' id='word_1_731' title='bbox 1665 1748 1806 1785; x_wconf 78' lang='lat' dir='ltr'>XLHI.</span> 
     </span>
     <span class='ocr_line' id='line_1_105' title="bbox 1611 1805 1867 1839; baseline -0.008 -7"><span class='ocrx_word' id='word_1_732' title='bbox 1611 1806 1700 1839; x_wconf 70' lang='lat' dir='ltr'>[nep.</span> <span class='ocrx_word' id='word_1_733' title='bbox 1718 1806 1738 1831; x_wconf 93' lang='lat'>1.</span> <span class='ocrx_word' id='word_1_734' title='bbox 1759 1808 1784 1831; x_wconf 75' lang='lat'>4.</span> <span class='ocrx_word' id='word_1_735' title='bbox 1803 1805 1867 1839; x_wconf 84' lang='lat'>40.]</span> 
     </span>
    </p>
   </div>
   <div class='ocr_carea' id='block_1_12' title="bbox 1218 1852 2261 1973">
    <p class='ocr_par' dir='ltr' id='par_1_36' title="bbox 1218 1852 2261 1973">
     <span class='ocr_line' id='line_1_106' title="bbox 1218 1852 2261 1890; baseline -0.012 -1"><span class='ocrx_word' id='word_1_736' title='bbox 1218 1862 1318 1890; x_wconf 84' lang='lat' dir='ltr'>Codex</span> <span class='ocrx_word' id='word_1_737' title='bbox 1334 1861 1502 1888; x_wconf 80' lang='lat' dir='ltr'>chartaceus</span> <span class='ocrx_word' id='word_1_738' title='bbox 1517 1869 1592 1887; x_wconf 84' lang='lat' dir='ltr'>saec.</span> <span class='ocrx_word' id='word_1_739' title='bbox 1607 1860 1671 1887; x_wconf 79' lang='lat' dir='ltr'>XV.</span> <span class='ocrx_word' id='word_1_740' title='bbox 1688 1859 1861 1887; x_wconf 75' lang='lat' dir='ltr'>characteris</span> <span class='ocrx_word' id='word_1_741' title='bbox 1885 1865 1944 1884; x_wconf 88' lang='lat' dir='ltr'>non</span> <span class='ocrx_word' id='word_1_742' title='bbox 1960 1855 2000 1882; x_wconf 88' lang='lat' dir='ltr'>ita</span> <span class='ocrx_word' id='word_1_743' title='bbox 2016 1852 2172 1890; x_wconf 76' lang='lat' dir='ltr'>elegantis,</span> <span class='ocrx_word' id='word_1_744' title='bbox 2196 1860 2261 1879; x_wconf 87' lang='lat' dir='ltr'>cum</span> 
     </span>
     <span class='ocr_line' id='line_1_107' title="bbox 1259 1894 2259 1941; baseline -0.007 -11"><span class='ocrx_word' id='word_1_745' title='bbox 1259 1904 1359 1941; x_wconf 83' lang='lat' dir='ltr'>paucis</span> <span class='ocrx_word' id='word_1_746' title='bbox 1390 1903 1491 1939; x_wconf 73' lang='lat' dir='ltr'>glossis</span> <span class='ocrx_word' id='word_1_747' title='bbox 1521 1902 1774 1938; x_wconf 86' lang='lat' dir='ltr'>interlinearibus,</span> <span class='ocrx_word' id='word_1_748' title='bbox 1799 1901 1896 1928; x_wconf 81' lang='lat' dir='ltr'>folior.</span> <span class='ocrx_word' id='word_1_749' title='bbox 1912 1898 1954 1928; x_wconf 79' lang='lat'>82</span> <span class='ocrx_word' id='word_1_750' title='bbox 1975 1900 2090 1935; x_wconf 79' lang='lat' dir='ltr'>praeter</span> <span class='ocrx_word' id='word_1_751' title='bbox 2114 1894 2134 1924; x_wconf 85' lang='grc'>6</span> <span class='ocrx_word' id='word_1_752' title='bbox 2160 1902 2259 1921; x_wconf 70' lang='lat' dir='ltr'>Vacua·</span> 
     </span>
     <span class='ocr_line' id='line_1_108' title="bbox 1260 1946 1471 1973; baseline -0.009 0"><span class='ocrx_word' id='word_1_753' title='bbox 1260 1946 1471 1973; x_wconf 83' lang='lat' dir='ltr'>Continentur:</span> 
     </span>
    </p>
   </div>
   <div class='ocr_carea' id='block_1_13' title="bbox 1218 1994 2262 2757">
    <p class='ocr_par' dir='ltr' id='par_1_37' title="bbox 1218 1994 2262 2757">
     <span class='ocr_line' id='line_1_109' title="bbox 1303 1994 2257 2030; baseline -0.012 0"><span class='ocrx_word' id='word_1_754' title='bbox 1303 2004 1445 2030; x_wconf 65' lang='lat' dir='ltr'>Horma-11</span> <span class='ocrx_word' id='word_1_755' title='bbox 1471 2001 1574 2029; x_wconf 74' lang='lat' dir='ltr'>ODAR.</span> <span class='ocrx_word' id='word_1_756' title='bbox 1603 2010 1685 2029; x_wconf 69' lang='lat' dir='ltr'>mun.</span> <span class='ocrx_word' id='word_1_757' title='bbox 1711 2001 1760 2029; x_wconf 90' lang='lat' dir='ltr'>IV.</span> <span class='ocrx_word' id='word_1_758' title='bbox 1804 2000 1937 2028; x_wconf 71' lang='lat' dir='ltr'>Eponoiv</span> <span class='ocrx_word' id='word_1_759' title='bbox 1969 2003 2076 2025; x_wconf 69' lang='lat' dir='ltr'>murm.</span> <span class='ocrx_word' id='word_1_760' title='bbox 2121 1994 2257 2021; x_wconf 67' lang='lat' dir='ltr'><strong>CARMEN</strong></span> 
     </span>
     <span class='ocr_line' id='line_1_110' title="bbox 1218 2034 2259 2081; baseline -0.012 -8"><span class='ocrx_word' id='word_1_761' title='bbox 1218 2046 1423 2074; x_wconf 52' lang='lat' dir='ltr'>Simoniani-1.</span> <span class='ocrx_word' id='word_1_762' title='bbox 1476 2045 1566 2081; x_wconf 78' lang='lat' dir='ltr'>incip.</span> <span class='ocrx_word' id='word_1_763' title='bbox 1598 2042 1671 2080; x_wconf 86' lang='lat' dir='ltr'>[M]</span> <span class='ocrx_word' id='word_1_764' title='bbox 1683 2042 1797 2070; x_wconf 82' lang='lat' dir='ltr'>Ecenas</span> <span class='ocrx_word' id='word_1_765' title='bbox 1826 2042 1925 2069; x_wconf 78' lang='lat' dir='ltr'>amuis</span> <span class='ocrx_word' id='word_1_766' title='bbox 1954 2037 2033 2066; x_wconf 80' lang='lat' dir='ltr'>edite</span> <span class='ocrx_word' id='word_1_767' title='bbox 2060 2034 2179 2071; x_wconf 71' lang='lat' dir='ltr'>regibus</span> <span class='ocrx_word' id='word_1_768' title='bbox 2206 2039 2259 2062; x_wconf 85' lang='lat' dir='ltr'>cet.</span> 
     </span>
     <span class='ocr_line' id='line_1_111' title="bbox 1218 2075 2262 2125; baseline -0.011 -11"><span class='ocrx_word' id='word_1_769' title='bbox 1218 2088 1331 2125; x_wconf 84' lang='lat' dir='ltr'>Explic.</span> <span class='ocrx_word' id='word_1_770' title='bbox 1354 2085 1465 2114; x_wconf 81' lang='lat' dir='ltr'>Dicere</span> <span class='ocrx_word' id='word_1_771' title='bbox 1487 2083 1604 2125; x_wconf 73' lang='lat' dir='ltr'>laudes</span> <span class='ocrx_word' id='word_1_772' title='bbox 1639 2082 1744 2124; x_wconf 72' lang='lat' dir='ltr'>Finis.</span> <span class='ocrx_word' id='word_1_773' title='bbox 1784 2083 1890 2123; x_wconf 76' lang='lat' dir='ltr'>Quinti</span> <span class='ocrx_word' id='word_1_774' title='bbox 1918 2080 2031 2110; x_wconf 74' lang='lat' dir='ltr'>horatii</span> <span class='ocrx_word' id='word_1_775' title='bbox 2053 2076 2155 2117; x_wconf 71' lang='lat' dir='ltr'>flachi</span> <span class='ocrx_word' id='word_1_776' title='bbox 2184 2075 2262 2104; x_wconf 77' lang='lat' dir='ltr'>liber</span> 
     </span>
     <span class='ocr_line' id='line_1_112' title="bbox 1218 2117 2261 2163; baseline -0.012 -6"><span class='ocrx_word' id='word_1_777' title='bbox 1218 2127 1361 2158; x_wconf 78' lang='lat' dir='ltr'>secundus</span> <span class='ocrx_word' id='word_1_778' title='bbox 1389 2135 1415 2156; x_wconf 76' lang='lat' dir='ltr'>el</span> <span class='ocrx_word' id='word_1_779' title='bbox 1443 2126 1588 2156; x_wconf 66' lang='lat' dir='ltr'>ULtz‘mus</span> <span class='ocrx_word' id='word_1_780' title='bbox 1610 2126 1737 2163; x_wconf 78' lang='lat' dir='ltr'>Epodon</span> <span class='ocrx_word' id='word_1_781' title='bbox 1760 2126 1904 2161; x_wconf 68' lang='lat' dir='ltr'>Eoeplicit</span> <span class='ocrx_word' id='word_1_782' title='bbox 1931 2122 1962 2152; x_wconf 78' lang='lat' dir='ltr'>In·</span> <span class='ocrx_word' id='word_1_783' title='bbox 1983 2122 2042 2151; x_wconf 82' lang='lat' dir='ltr'>duo</span> <span class='ocrx_word' id='word_1_784' title='bbox 2063 2119 2136 2148; x_wconf 69' lang='lat' dir='ltr'>libre·</span> <span class='ocrx_word' id='word_1_785' title='bbox 2152 2117 2190 2159; x_wconf 76' lang='lat' dir='ltr'>st</span> <span class='ocrx_word' id='word_1_786' title='bbox 2218 2128 2261 2146; x_wconf 74' lang='lat' dir='ltr'>esc</span> 
     </span>
     <span class='ocr_line' id='line_1_113' title="bbox 1218 2161 2260 2208; baseline -0.011 -9"><span class='ocrx_word' id='word_1_787' title='bbox 1218 2170 1349 2200; x_wconf 77' lang='lat' dir='ltr'>versibus</span> <span class='ocrx_word' id='word_1_788' title='bbox 1369 2171 1441 2201; x_wconf 75' lang='lat'>(362.</span> <span class='ocrx_word' id='word_1_789' title='bbox 1490 2170 1568 2198; x_wconf 84' lang='lat' dir='ltr'>Tum</span> <span class='ocrx_word' id='word_1_790' title='bbox 1591 2169 1661 2198; x_wconf 81' lang='lat' dir='ltr'>inde</span> <span class='ocrx_word' id='word_1_791' title='bbox 1680 2181 1699 2197; x_wconf 78' lang='lat' dir='ltr'>a</span> <span class='ocrx_word' id='word_1_792' title='bbox 1713 2169 1780 2208; x_wconf 76' lang='lat' dir='ltr'>fol.</span> <span class='ocrx_word' id='word_1_793' title='bbox 1805 2169 1856 2198; x_wconf 81' lang='lat'>79.</span> <span class='ocrx_word' id='word_1_794' title='bbox 1872 2169 1900 2195; x_wconf 87' lang='lat' dir='ltr'>b.</span> <span class='ocrx_word' id='word_1_795' title='bbox 1923 2175 2014 2203; x_wconf 85' lang='lat' dir='ltr'>usque</span> <span class='ocrx_word' id='word_1_796' title='bbox 2038 2164 2072 2192; x_wconf 88' lang='lat' dir='ltr'>ad</span> <span class='ocrx_word' id='word_1_797' title='bbox 2092 2162 2142 2193; x_wconf 77' lang='lat'>82.</span> <span class='ocrx_word' id='word_1_798' title='bbox 2159 2171 2185 2190; x_wconf 89' lang='lat' dir='ltr'>a.</span> <span class='ocrx_word' id='word_1_799' title='bbox 2209 2161 2260 2189; x_wconf 88' lang='lat' dir='ltr'>ad-</span> 
     </span>
     <span class='ocr_line' id='line_1_114' title="bbox 1219 2202 2262 2251; baseline -0.012 -9"><span class='ocrx_word' id='word_1_800' title='bbox 1219 2215 1325 2251; x_wconf 87' lang='lat' dir='ltr'>scripta</span> <span class='ocrx_word' id='word_1_801' title='bbox 1348 2218 1414 2240; x_wconf 82' lang='lat' dir='ltr'>sunt</span> <span class='ocrx_word' id='word_1_802' title='bbox 1438 2206 1581 2250; x_wconf 52' lang='lat' dir='ltr'>Quaedam</span> <span class='ocrx_word' id='word_1_803' title='bbox 1604 2213 1640 2241; x_wconf 91' lang='lat' dir='ltr'>de</span> <span class='ocrx_word' id='word_1_804' title='bbox 1664 2213 1720 2239; x_wconf 84' lang='lat' dir='ltr'>vita</span> <span class='ocrx_word' id='word_1_805' title='bbox 1736 2211 1849 2238; x_wconf 82' lang='lat' dir='ltr'>Horatii</span> <span class='ocrx_word' id='word_1_806' title='bbox 1865 2209 1944 2237; x_wconf 81' lang='lat' dir='ltr'>etde</span> <span class='ocrx_word' id='word_1_807' title='bbox 1966 2207 2083 2241; x_wconf 83' lang='lat' dir='ltr'>metris,</span> <span class='ocrx_word' id='word_1_808' title='bbox 2112 2204 2215 2241; x_wconf 83' lang='lat' dir='ltr'>quibus</span> <span class='ocrx_word' id='word_1_809' title='bbox 2230 2202 2262 2230; x_wconf 85' lang='lat' dir='ltr'>in</span> 
     </span>
     <span class='ocr_line' id='line_1_115' title="bbox 1220 2244 2262 2291; baseline -0.011 -8"><span class='ocrx_word' id='word_1_810' title='bbox 1220 2257 1393 2284; x_wconf 86' lang='lat' dir='ltr'>carminibus</span> <span class='ocrx_word' id='word_1_811' title='bbox 1409 2256 1466 2282; x_wconf 86' lang='lat' dir='ltr'>suis</span> <span class='ocrx_word' id='word_1_812' title='bbox 1483 2265 1550 2282; x_wconf 87' lang='lat' dir='ltr'>usus</span> <span class='ocrx_word' id='word_1_813' title='bbox 1567 2259 1617 2282; x_wconf 87' lang='lat' dir='ltr'>est.</span> <span class='ocrx_word' id='word_1_814' title='bbox 1665 2254 1754 2291; x_wconf 84' lang='lat' dir='ltr'>Incip.</span> <span class='ocrx_word' id='word_1_815' title='bbox 1778 2251 1922 2288; x_wconf 65' lang='lat' dir='ltr'>Explicit</span> <span class='ocrx_word' id='word_1_816' title='bbox 1944 2259 2017 2286; x_wconf 77' lang='lat' dir='ltr'>opus</span> <span class='ocrx_word' id='word_1_817' title='bbox 2038 2246 2137 2275; x_wconf 61' lang='lat' dir='ltr'>diuini</span> <span class='ocrx_word' id='word_1_818' title='bbox 2154 2244 2262 2273; x_wconf 65' lang='lat' dir='ltr'>Flacco·</span> 
     </span>
     <span class='ocr_line' id='line_1_116' title="bbox 1220 2288 2262 2335; baseline -0.009 -10"><span class='ocrx_word' id='word_1_819' title='bbox 1220 2303 1274 2326; x_wconf 81' lang='lat' dir='ltr'>cet.</span> <span class='ocrx_word' id='word_1_820' title='bbox 1319 2297 1431 2334; x_wconf 79' lang='lat' dir='ltr'>Explic.</span> <span class='ocrx_word' id='word_1_821' title='bbox 1454 2303 1482 2324; x_wconf 75' lang='lat' dir='ltr'>et</span> <span class='ocrx_word' id='word_1_822' title='bbox 1502 2299 1530 2324; x_wconf 72' lang='lat' dir='ltr'>si</span> <span class='ocrx_word' id='word_1_823' title='bbox 1550 2293 1800 2335; x_wconf 70' lang='lat' dir='ltr'>omnesspomlei</span> <span class='ocrx_word' id='word_1_824' title='bbox 1822 2304 1879 2322; x_wconf 80' lang='lat' dir='ltr'>uno</span> <span class='ocrx_word' id='word_1_825' title='bbox 1900 2300 1996 2321; x_wconf 77' lang='lat' dir='ltr'>mmen</span> <span class='ocrx_word' id='word_1_826' title='bbox 2015 2288 2112 2319; x_wconf 68' lang='lat' dir='ltr'>iambo</span> <span class='ocrx_word' id='word_1_827' title='bbox 2141 2293 2262 2316; x_wconf 74' lang='lat' dir='ltr'>exeunt.</span> 
     </span>
     <span class='ocr_line' id='line_1_117' title="bbox 1220 2328 2260 2378; baseline -0.01 -11"><span class='ocrx_word' id='word_1_828' title='bbox 1220 2336 1325 2378; x_wconf 72' lang='lat' dir='ltr'>Finis.</span> <span class='ocrx_word' id='word_1_829' title='bbox 1352 2354 1390 2359; x_wconf 91' lang='lat'>—-</span> <span class='ocrx_word' id='word_1_830' title='bbox 1414 2339 1482 2366; x_wconf 89' lang='lat' dir='ltr'>Fuit</span> <span class='ocrx_word' id='word_1_831' title='bbox 1500 2339 1548 2366; x_wconf 90' lang='lat' dir='ltr'>hic</span> <span class='ocrx_word' id='word_1_832' title='bbox 1568 2340 1640 2366; x_wconf 87' lang='lat' dir='ltr'>liber</span> <span class='ocrx_word' id='word_1_833' title='bbox 1660 2339 1724 2365; x_wconf 84' lang='lat' dir='ltr'>MS.</span> <span class='ocrx_word' id='word_1_834' title='bbox 1741 2338 1809 2365; x_wconf 86' lang='lat' dir='ltr'>olim</span> <span class='ocrx_word' id='word_1_835' title='bbox 1831 2338 1860 2364; x_wconf 90' lang='lat' dir='ltr'>in</span> <span class='ocrx_word' id='word_1_836' title='bbox 1881 2334 2057 2363; x_wconf 83' lang='lat' dir='ltr'>bibliotheca</span> <span class='ocrx_word' id='word_1_837' title='bbox 2076 2329 2142 2359; x_wconf 78' lang='lat' dir='ltr'>Iolz.</span> <span class='ocrx_word' id='word_1_838' title='bbox 2169 2328 2260 2358; x_wconf 50' lang='lat' dir='ltr'><em>Clui-</em></span> 
     </span>
     <span class='ocr_line' id='line_1_118' title="bbox 1219 2372 2261 2418; baseline -0.012 -8"><span class='ocrx_word' id='word_1_839' title='bbox 1219 2380 1312 2418; x_wconf 76' lang='lat' dir='ltr'>stoplz.</span> <span class='ocrx_word' id='word_1_840' title='bbox 1327 2379 1546 2417; x_wconf 62' lang='lat' dir='ltr'>7Vagwseilfl,</span> <span class='ocrx_word' id='word_1_841' title='bbox 1576 2385 1607 2408; x_wconf 93' lang='lat' dir='ltr'>ut</span> <span class='ocrx_word' id='word_1_842' title='bbox 1632 2380 1774 2408; x_wconf 82' lang='lat' dir='ltr'>emblema</span> <span class='ocrx_word' id='word_1_843' title='bbox 1798 2379 1859 2407; x_wconf 85' lang='lat' dir='ltr'>eius</span> <span class='ocrx_word' id='word_1_844' title='bbox 1888 2378 1917 2404; x_wconf 88' lang='lat' dir='ltr'>in</span> <span class='ocrx_word' id='word_1_845' title='bbox 1940 2377 2037 2404; x_wconf 85' lang='lat' dir='ltr'>fronte</span> <span class='ocrx_word' id='word_1_846' title='bbox 2060 2374 2125 2402; x_wconf 88' lang='lat' dir='ltr'>libri</span> <span class='ocrx_word' id='word_1_847' title='bbox 2147 2372 2261 2409; x_wconf 85' lang='lat' dir='ltr'>conspi-</span> 
     </span>
     <span class='ocr_line' id='line_1_119' title="bbox 1221 2413 2260 2459; baseline -0.011 -7"><span class='ocrx_word' id='word_1_848' title='bbox 1221 2434 1306 2452; x_wconf 89' lang='lat' dir='ltr'>cuum</span> <span class='ocrx_word' id='word_1_849' title='bbox 1323 2424 1417 2451; x_wconf 84' lang='lat' dir='ltr'>docet.</span> <span class='ocrx_word' id='word_1_850' title='bbox 1461 2423 1581 2451; x_wconf 87' lang='lat' dir='ltr'>Praeter</span> <span class='ocrx_word' id='word_1_851' title='bbox 1596 2431 1629 2450; x_wconf 84' lang='lat' dir='ltr'>ea</span> <span class='ocrx_word' id='word_1_852' title='bbox 1640 2442 1649 2458; x_wconf 84' lang='lat'><strong>‚</strong></span> <span class='ocrx_word' id='word_1_853' title='bbox 1674 2431 1749 2459; x_wconf 86' lang='lat' dir='ltr'>quae</span> <span class='ocrx_word' id='word_1_854' title='bbox 1764 2422 1821 2448; x_wconf 87' lang='lat' dir='ltr'>iam</span> <span class='ocrx_word' id='word_1_855' title='bbox 1837 2420 1959 2447; x_wconf 87' lang='lat' dir='ltr'>diximus</span> <span class='ocrx_word' id='word_1_856' title='bbox 1970 2438 1978 2453; x_wconf 86' lang='lat'><strong>‚</strong></span> <span class='ocrx_word' id='word_1_857' title='bbox 2003 2417 2038 2444; x_wconf 91' lang='lat' dir='ltr'>de</span> <span class='ocrx_word' id='word_1_858' title='bbox 2053 2416 2110 2443; x_wconf 88' lang='lat' dir='ltr'>hoc</span> <span class='ocrx_word' id='word_1_859' title='bbox 2125 2415 2198 2443; x_wconf 83' lang='lat' dir='ltr'>Cod.</span> <span class='ocrx_word' id='word_1_860' title='bbox 2223 2413 2260 2442; x_wconf 84' lang='lat' dir='ltr'>G.</span> 
     </span>
     <span class='ocr_line' id='line_1_120' title="bbox 1220 2456 2259 2500; baseline -0.011 -6"><span class='ocrx_word' id='word_1_861' title='bbox 1220 2465 1268 2494; x_wconf 87' lang='lat' dir='ltr'>H.</span> <span class='ocrx_word' id='word_1_862' title='bbox 1288 2465 1461 2493; x_wconf 76' lang='lat' dir='ltr'>Martinius</span> <span class='ocrx_word' id='word_1_863' title='bbox 1483 2465 1521 2493; x_wconf 87' lang='lat' dir='ltr'>ad</span> <span class='ocrx_word' id='word_1_864' title='bbox 1544 2463 1666 2492; x_wconf 73' lang='lat' dir='ltr'>Iunium</span> <span class='ocrx_word' id='word_1_865' title='bbox 1694 2463 1766 2500; x_wconf 91' lang='lat' dir='ltr'>[vid.</span> <span class='ocrx_word' id='word_1_866' title='bbox 1791 2462 1876 2489; x_wconf 90' lang='lat' dir='ltr'>huius</span> <span class='ocrx_word' id='word_1_867' title='bbox 1900 2461 1969 2488; x_wconf 88' lang='lat' dir='ltr'>edit.</span> <span class='ocrx_word' id='word_1_868' title='bbox 1994 2460 2096 2495; x_wconf 79' lang='lat' dir='ltr'>Horat.</span> <span class='ocrx_word' id='word_1_869' title='bbox 2127 2458 2212 2484; x_wconf 87' lang='lat' dir='ltr'>Tom.</span> <span class='ocrx_word' id='word_1_870' title='bbox 2237 2456 2259 2484; x_wconf 84' lang='lat'>1.</span> 
     </span>
     <span class='ocr_line' id='line_1_121' title="bbox 1220 2500 2261 2547; baseline -0.012 -10"><span class='ocrx_word' id='word_1_871' title='bbox 1220 2518 1287 2547; x_wconf 83' lang='lat' dir='ltr'>pag.</span> <span class='ocrx_word' id='word_1_872' title='bbox 1302 2508 1380 2536; x_wconf 85' lang='lat' dir='ltr'>XIV.</span> <span class='ocrx_word' id='word_1_873' title='bbox 1396 2506 1450 2544; x_wconf 84' lang='lat' dir='ltr'>sq.]</span> <span class='ocrx_word' id='word_1_874' title='bbox 1475 2507 1548 2535; x_wconf 85' lang='lat' dir='ltr'>haec</span> <span class='ocrx_word' id='word_1_875' title='bbox 1568 2507 1694 2544; x_wconf 85' lang='lat' dir='ltr'>scripsit:</span> <span class='ocrx_word' id='word_1_876' title='bbox 1718 2504 1828 2540; x_wconf 84' lang='lat' dir='ltr'>„Foliis</span> <span class='ocrx_word' id='word_1_877' title='bbox 1850 2510 1985 2531; x_wconf 85' lang='lat' dir='ltr'>numeros</span> <span class='ocrx_word' id='word_1_878' title='bbox 2000 2501 2080 2528; x_wconf 86' lang='lat' dir='ltr'>dedit</span> <span class='ocrx_word' id='word_1_879' title='bbox 2094 2500 2186 2537; x_wconf 86' lang='lat' dir='ltr'>prima</span> <span class='ocrx_word' id='word_1_880' title='bbox 2201 2507 2261 2526; x_wconf 87' lang='lat' dir='ltr'>ma-</span> 
     </span>
     <span class='ocr_line' id='line_1_122' title="bbox 1222 2540 2261 2587; baseline -0.012 -9"><span class='ocrx_word' id='word_1_881' title='bbox 1222 2561 1275 2578; x_wconf 89' lang='lat' dir='ltr'>nus</span> <span class='ocrx_word' id='word_1_882' title='bbox 1292 2559 1383 2587; x_wconf 85' lang='lat' dir='ltr'>usque</span> <span class='ocrx_word' id='word_1_883' title='bbox 1406 2550 1443 2577; x_wconf 74' lang='lat' dir='ltr'>ml</span> <span class='ocrx_word' id='word_1_884' title='bbox 1459 2549 1510 2578; x_wconf 80' lang='grc'>55.</span> <span class='ocrx_word' id='word_1_885' title='bbox 1525 2549 1667 2586; x_wconf 85' lang='lat' dir='ltr'>Manipuli</span> <span class='ocrx_word' id='word_1_886' title='bbox 1684 2551 1809 2585; x_wconf 87' lang='lat' dir='ltr'>quatuor</span> <span class='ocrx_word' id='word_1_887' title='bbox 1823 2546 1923 2583; x_wconf 87' lang='lat' dir='ltr'>priora</span> <span class='ocrx_word' id='word_1_888' title='bbox 1937 2553 2001 2571; x_wconf 88' lang='lat' dir='ltr'>cum</span> <span class='ocrx_word' id='word_1_889' title='bbox 2016 2542 2137 2580; x_wconf 83' lang='lat' dir='ltr'>septimo</span> <span class='ocrx_word' id='word_1_890' title='bbox 2152 2540 2261 2567; x_wconf 80' lang='lat' dir='ltr'>hahent</span> 
     </span>
     <span class='ocr_line' id='line_1_123' title="bbox 1221 2581 2260 2628; baseline -0.013 -8"><span class='ocrx_word' id='word_1_891' title='bbox 1221 2593 1292 2620; x_wconf 78' lang='lat' dir='ltr'>solia</span> <span class='ocrx_word' id='word_1_892' title='bbox 1307 2593 1344 2628; x_wconf 82' lang='lat' dir='ltr'>X,</span> <span class='ocrx_word' id='word_1_893' title='bbox 1369 2591 1487 2628; x_wconf 80' lang='lat' dir='ltr'>quintus</span> <span class='ocrx_word' id='word_1_894' title='bbox 1501 2591 1569 2627; x_wconf 77' lang='grc' dir='ltr'>ΧΠ,</span> <span class='ocrx_word' id='word_1_895' title='bbox 1592 2595 1688 2618; x_wconf 81' lang='lat' dir='ltr'>sextus</span> <span class='ocrx_word' id='word_1_896' title='bbox 1703 2588 1782 2624; x_wconf 83' lang='lat' dir='ltr'>XVI,</span> <span class='ocrx_word' id='word_1_897' title='bbox 1809 2592 1925 2615; x_wconf 76' lang='lat' dir='ltr'>octavus</span> <span class='ocrx_word' id='word_1_898' title='bbox 1941 2586 1990 2613; x_wconf 92' lang='lat' dir='ltr'>IV.</span> <span class='ocrx_word' id='word_1_899' title='bbox 2034 2585 2067 2611; x_wconf 91' lang='lat' dir='ltr'>In</span> <span class='ocrx_word' id='word_1_900' title='bbox 2083 2582 2187 2619; x_wconf 75' lang='lat' dir='ltr'>singuli</span> <span class='ocrx_word' id='word_1_901' title='bbox 2203 2581 2260 2608; x_wconf 85' lang='lat' dir='ltr'>fine</span> 
     </span>
     <span class='ocr_line' id='line_1_124' title="bbox 1222 2625 2258 2662; baseline -0.013 0"><span class='ocrx_word' id='word_1_902' title='bbox 1222 2640 1317 2662; x_wconf 88' lang='lat' dir='ltr'>custos</span> <span class='ocrx_word' id='word_1_903' title='bbox 1334 2638 1385 2661; x_wconf 87' lang='lat' dir='ltr'>est.</span> <span class='ocrx_word' id='word_1_904' title='bbox 1411 2632 1599 2661; x_wconf 80' lang='lat' dir='ltr'>Characteres</span> <span class='ocrx_word' id='word_1_905' title='bbox 1614 2631 1771 2660; x_wconf 85' lang='lat' dir='ltr'>admodum</span> <span class='ocrx_word' id='word_1_906' title='bbox 1785 2629 1891 2657; x_wconf 84' lang='lat' dir='ltr'>similes</span> <span class='ocrx_word' id='word_1_907' title='bbox 1906 2627 2053 2655; x_wconf 85' lang='lat' dir='ltr'>hodiernis</span> <span class='ocrx_word' id='word_1_908' title='bbox 2064 2625 2212 2653; x_wconf 80' lang='lat' dir='ltr'>Italorum.</span> <span class='ocrx_word' id='word_1_909' title='bbox 2223 2638 2258 2644; x_wconf 62' lang='lat' dir='ltr'>-a</span> 
     </span>
     <span class='ocr_line' id='line_1_125' title="bbox 1221 2666 2260 2709; baseline -0.013 -5"><span class='ocrx_word' id='word_1_910' title='bbox 1221 2677 1284 2704; x_wconf 85' lang='lat' dir='ltr'>Nec</span> <span class='ocrx_word' id='word_1_911' title='bbox 1299 2676 1377 2703; x_wconf 87' lang='lat' dir='ltr'>libris</span> <span class='ocrx_word' id='word_1_912' title='bbox 1393 2684 1446 2702; x_wconf 89' lang='lat' dir='ltr'>nec</span> <span class='ocrx_word' id='word_1_913' title='bbox 1461 2676 1523 2703; x_wconf 84' lang='lat' dir='ltr'>odis</span> <span class='ocrx_word' id='word_1_914' title='bbox 1538 2674 1649 2702; x_wconf 88' lang='lat' dir='ltr'>numeri</span> <span class='ocrx_word' id='word_1_915' title='bbox 1666 2672 1745 2708; x_wconf 80' lang='lat' dir='ltr'>dati3</span> <span class='ocrx_word' id='word_1_916' title='bbox 1768 2672 1939 2709; x_wconf 85' lang='lat' dir='ltr'>plerumque</span> <span class='ocrx_word' id='word_1_917' title='bbox 1955 2674 2051 2697; x_wconf 83' lang='lat' dir='ltr'>tamen</span> <span class='ocrx_word' id='word_1_918' title='bbox 2067 2667 2151 2694; x_wconf 87' lang='lat' dir='ltr'>unius</span> <span class='ocrx_word' id='word_1_919' title='bbox 2167 2666 2260 2693; x_wconf 77' lang='lat' dir='ltr'>lineae</span> 
     </span>
     <span class='ocr_line' id='line_1_126' title="bbox 1221 2707 2260 2757; baseline -0.013 -11"><span class='ocrx_word' id='word_1_920' title='bbox 1221 2718 1346 2757; x_wconf 84' lang='lat' dir='ltr'>spatium</span> <span class='ocrx_word' id='word_1_921' title='bbox 1369 2717 1444 2745; x_wconf 85' lang='lat' dir='ltr'>inter</span> <span class='ocrx_word' id='word_1_922' title='bbox 1468 2717 1520 2746; x_wconf 82' lang='lat' dir='ltr'>has</span> <span class='ocrx_word' id='word_1_923' title='bbox 1539 2717 1679 2745; x_wconf 85' lang='lat' dir='ltr'>relietum.</span> <span class='ocrx_word' id='word_1_924' title='bbox 1725 2714 1863 2742; x_wconf 85' lang='lat' dir='ltr'>Continet</span> <span class='ocrx_word' id='word_1_925' title='bbox 1883 2711 1975 2740; x_wconf 81' lang='lat' dir='ltr'>codex</span> <span class='ocrx_word' id='word_1_926' title='bbox 1990 2711 2077 2746; x_wconf 84' lang='lat' dir='ltr'>odas,</span> <span class='ocrx_word' id='word_1_927' title='bbox 2106 2707 2216 2746; x_wconf 80' lang='lat' dir='ltr'>epodos</span> <span class='ocrx_word' id='word_1_928' title='bbox 2232 2711 2260 2734; x_wconf 75' lang='lat' dir='ltr'>et</span> 
     </span>
    </p>
   </div>
  </div>
 </body>
</html>
